2684 4500
647 212 690 276 47

96 391 155 470 βεν
176 381 289 470 ἐπειδὴ
313 381 398 469 πρὸς
411 376 676 468 τὸνἈγρίππαν
689 377 798 468 κρύφα
824 379 857 456 ἐς
883 379 942 466 τὴν
964 381 1059 466 νῆσον
1092 381 1240 446 διέπλευ-

99 508 135 552 σε
157 488 214 550 καὶ
236 483 340 551 ἐδόκει
362 484 471 550 οἱκαὶ
503 488 587 550 πᾶσι
616 481 725 549 πάντα
757 481 1084 570 καταλλαγήσεσθαι.
1108 485 1242 550 δείσασα

99 590 161 676 γὰρ
184 585 229 665 ὥς
251 610 361 676 φασιν,
384 588 428 676 μὴ
452 589 507 653 καὶ
524 588 582 654 ἐπὶ
596 591 635 675 τῇ
649 592 808 674 μοναρχίᾳ
830 584 928 652 αὐτὸν
950 585 1162 672 καταγάγῃ...
1178 581 1237 651 elc’

101 683 158 757 οἷν
181 691 216 757 ἐκ
235 686 353 757 Ιτούτου
376 686 441 757 εἴτε
462 693 519 756 καὶ
542 687 663 768 ἄλλως.
677 744 684 758 .
699 693 769 772 .⁴²)

189 795 227 859 ln
250 796 321 859 vita
343 793 468 860 Tiberii
490 794 577 860 infra
598 796 703 860 locum
725 795 866 859 maxime
899 799 1079 858 memoratu
1112 793 1239 875 dignum

99 897 276 984 proferam,
300 917 364 980 quo
388 917 458 961 cum
481 897 645 965 Victorem
667 903 734 961 tum
748 897 879 961 maxime
894 897 1151 984 Epitomatorem
1168 916 1241 960 cum

103 1000 212 1065 Dione
236 1000 406 1064 concinere
428 999 634 1085 perspicuum
656 1005 716 1064 est.

189 1102 231 1167 In
254 1101 422 1186 Caligulae
444 1105 511 1167 vila
533 1103 601 1167 Dio
625 1122 698 1166 cum
721 1102 945 1184 Epitomatore
973 1125 1012 1168 ea
1041 1123 1076 1167 re
1108 1121 1244 1167 consen·

98 1207 153 1288 tit,
173 1205 262 1289 quod
274 1204 361 1292 apud
384 1225 453 1269 eum
476 1205 582 1270 solum
596 1206 736 1289 (59,3,6)
748 1225 897 1269 numerus
911 1203 1079 1287 Caligulae
1092 1226 1237 1270 sororum

97 1309 271 1392 invenitur,
294 1329 391 1392 quem
413 1308 621 1395 Epitomator
643 1307 944 1393 (Epit.3,4)rerbis
958 1307 1098 1376 Victoris
1114 1309 1240 1374 inserit.

187 1415 273 1477 Item
295 1417 329 1475 in
350 1410 493 1476 Neronis
515 1411 584 1475 vita
605 1409 713 1495 (Epit.
738 1412 807 1494 5,6)
830 1410 1042 1494 Epitomator
1064 1412 1098 1474 iu
1120 1408 1237 1475 Sueto·

100 1513 157 1578 nio
181 1512 392 1578 exscribendo
415 1513 492 1578 Iulii
506 1519 617 1577 tamen
634 1512 784 1582 Vindicis
800 1535 997 1601 praenomen
1020 1511 1139 1595 ‚Gaius‘
1164 1525 1253 1594 pro·'

99 1615 173 1698 fert,
196 1616 368 1699 quodnisi
391 1617 478 1704 apud
500 1616 643 1681 Dionem
665 1617 759 1699 (Zon.
776 1617 896 1700 11,1e.)
925 1637 990 1681 non
1005 1616 1176 1681 invenitur.
1192 1651 1235 1663 -

187 1722 255 1784 Iam
277 1719 340 1784 hoc
360 1719 460 1784 hceat
482 1739 741 1801 commemorare,
765 1739 876 1800 annos,
901 1740 982 1804 quos
1004 1719 1128 1784 Noster
1142 1719 1240 1800 impe·

106 1820 271 1887 ratoribns
304 1822 430 1904 tribuit,
461 1831 620 1909 persaepe
649 1824 783 1888 maxime
812 1824 955 1887 numeris
985 1820 1072 1908 apud
1100 1821 1246 1884 Dionem

105 1925 236 2009 scriptis
258 1924 467 2009 respondere.
514 1924 620 1992 Credo
652 1927 739 1990 enim
775 1948 840 1991 non
872 1925 976 1991 solum
1011 1944 1123 2005 annos,
1161 1943 1241 2009 quos

100 2027 257 2111 Epitome
280 2027 413 2093 Tiberio
436 2026 495 2093 dat
526 2030 754 2112 „septuaginta
792 2034 867 2094 octo
904 2049 1005 2093 annos
1043 2032 1077 2091 et
1113 2045 1244 2091 menses

101 2134 289 2214 quattuor“,
302 2167 343 2178 -
356 2130 413 2213 qui
425 2131 540 2213 procul
552 2130 651 2198 dubio
664 2152 704 2197 ex
716 2131 945 2214 „septuaginta
959 2136 1080 2214 septem
1096 2129 1188 2194 annis
1204 2136 1239 2193 et

100 2252 224 2297 menses
246 2237 420 2316 quattuor“
446 2236 591 2316 corrupti
614 2241 702 2309 sunt,
737 2256 836 2318 quem
865 2253 1025 2298 numerum
1059 2233 1147 2298 solus
1171 2232 1241 2298 Dio

90 2333 169 2428 Υ(58,
182 2335 238 2420 28)
262 2333 402 2417 exhibet,
418 2372 462 2384 —
483 2356 553 2400 cum
580 2337 690 2403 Dione
712 2337 925 2404 conferendos
948 2357 1027 2405 esse.
1073 2335 1139 2402 Sed
1160 2335 1240 2399 mihi

101 2436 240 2521 quidem,
263 2445 301 2503 ut
322 2438 384 2503 iam
407 2459 507 2521 supra
528 2440 684 2523 indicavi,
707 2441 914 2524 Epitomator
936 2441 1036 2505 etiam
1059 2459 1160 2503 annos
1174 2443 1239 2502 tre·

102 2538 207 2603 decim
229 2560 297 2604 cnm
319 2538 485 2607 Neronem
508 2561 659 2624 regnasse
681 2543 836 2624 traderet,
878 2542 982 2629 (Epit.
1007 2543 1037 2622 b,
1053 2541 1085 2625 1)
1123 2538 1245 2604 ceteris

102 2641 365 2724 quattuordecim
388 2643 614 2729 prodentibus,
638 2644 779 2711 Dionem
801 2647 981 2729 respexisse
1009 2642 1149 2724 videtur,
1183 2642 1240 2725 qui

102 2744 186 2830 (Dio
210 2749 318 2828 63,29)
341 2746 498 2811 tredecim
520 2768 622 2813 annos
646 2755 678 2814 et
700 2769 825 2814 menses
854 2751 928 2812 octo
951 2747 1110 2812 Neronem
1141 2746 1239 2832 impe-

102 2867 194 2912 rasse
207 2854 330 2918 narrat.
375 2849 458 2914 Item
480 2850 514 2914 in
531 2851 600 2915 vita
621 2849 817 2939 Vespasiani
839 2851 941 2938 (Epit
958 2854 1049 2934 9,17)
1071 2849 1240 2935 Epitoma·

104 2951 171 3015 tori
191 2970 343 3017 numerus
365 2950 511 3018 Dioneus
535 2954 615 3040 (Dio
639 2956 747 3040 suls)
769 2955 957 3041 propositus
979 2953 1108 3018 videtur
1131 2952 1243 3020 fuisse.

103 3051 192 3136 (vide
214 3052 301 3117 infra
322 3075 395 3140 pag.
418 3057 487 3141 57).

188 3153 232 3220 In
262 3155 377 3222 eodem
406 3160 514 3245 capite
537 3158 639 3243 (Epic
664 3162 693 3239 5,
705 3160 740 3242 9)
763 3181 837 3224 curu
860 3160 1013 3247 Epitome
1034 3157 1134 3223 verba
1156 3155 1237 3223 Sue·

101 3257 185 3322 tonii
207 3256 304 3345 (Ner.
337 3260 392 3346 bl)
425 3266 483 3343 „ut
508 3262 600 3349 plebs
631 3263 755 3349 pileata
792 3267 864 3328 tota
900 3261 980 3328 urbe
1019 3261 1242 3327 discurrerem

102 3367 240 3443 augeat:
265 3367 322 3442 ,ut
342 3363 435 3447 plebs
457 3366 553 3448 pileis
575 3365 692 3431 induta
713 3367 1033 3432 manumissionum..
1055 3364 1241 3447 triumpha·

172 3570 216 3638 ⁴²)
234 3567 333 3638 ipsum
361 3575 457 3626 autem
477 3570 552 3625 hunc
578 3572 680 3639 locum,
711 3574 760 3641 qui
789 3573 859 3629 mire
891 3591 955 3628 cum
974 3571 1067 3626 Dione
1086 3571 1247 3641 conspiret,

106 3656 193 3710 etiam
211 3654 341 3712 Tacitum
359 3659 437 3712 olere
455 3658 512 3711 iam
525 3674 610 3727 snpra
627 3659 783 3728 significavi
801 3660 879 3730 (odio
897 3659 1089 3716 novercali-
1103 3659 1169 3715 Tac.
1187 3676 1239 3717 no·

102 3742 263 3796 vercelibns
282 3743 374 3811 odiis),
404 3744 434 3799 id
461 3745 538 3813 quod
555 3745 639 3799 facile
656 3746 847 3815 intelligimus,
878 3747 902 3800 si
925 3747 999 3800 hanc
1016 3749 1108 3800 totam
1124 3763 1186 3799 rem
1203 3762 1240 3800 ex

102 3828 245 3881 communi
264 3831 293 3882 et
311 3828 405 3885 Taciti
422 3836 452 3885 et
468 3829 571 3887 Dionis
598 3831 677 3887 fonte
705 3831 840 3888 Suetonio
868 3832 1044 3901 adscriptum
1063 3848 1124 3887 esse
1143 3849 1245 3887 cense-⁴

103 3931 181 3984 mus3
200 3914 257 3968 iam
269 3914 462 3986 intelligimus,
482 3906 545 3986 quis
558 3918 629 3972 illud
647 3936 839 3988 „quemquam
855 3920 904 3973 alii
928 3920 1063 3985 scribant,
1082 3919 1159 3987 quod
1176 3939 1240 3975 nus·

101 4016 187 4068 quem
204 4003 292 4069 extet,
310 4004 463 4073 scripserit,
481 4005 604 4059 auctoris
622 4005 699 4060 enim
723 4005 852 4061 Suetonii
865 4006 942 4062 aucti
956 4011 1007 4073 est,
1026 4005 1074 4073 qui
1091 4005 1122 4059 id
1139 4006 1185 4061 vel
1202 4006 1245 4064 de

102 4104 152 4142 suo
170 4087 216 4142 vel
233 4104 269 4143 ex
286 4089 365 4145 fonte
383 4090 502 4146 addidit
