2684 4500
645 186 686 247 60

94 361 129 422 et
139 357 346 421 immutatum
363 352 511 419 extitisse
525 352 756 437 comprobavit;
769 351 989 418 Mommsenus
1003 351 1145 436 denique
1161 353 1233 435 ipse

96 481 225 526 mecum
247 457 509 540 communicavit,
539 478 575 523 se
596 478 788 540 persuasum
809 455 930 522 habere
951 457 1000 521 ita
1028 462 1066 522 ut
1088 456 1237 522 Plinium

97 567 132 627 et
158 563 284 628 Livium
291 612 299 645 ,
330 562 357 627 si
387 582 452 650 non
481 581 606 643 omnes,
634 559 754 624 multos
783 563 892 625 tamen
919 580 1028 624 rerum
1058 559 1236 642 scriptores

97 672 210 732 auctos
234 672 268 731 et
289 666 477 732 immutatos
498 664 607 734 fuisse.

184 767 251 836 Sed
273 769 351 853 quid
374 789 432 852 ego
454 768 514 834 hos
537 775 655 851 testes,
680 768 827 852 quamvis
849 790 979 854 graves,
1009 790 1235 846 commemoro,

97 894 171 939 cum
192 894 213 938 a
234 878 349 939 nostra
368 879 463 956 parte
491 873 702 959 gravissimus
732 872 867 955 quidam
897 877 931 937 et
958 873 1235 957 locupletissimus

97 977 192 1042 testis
215 981 296 1058 stet,
326 974 474 1043 Serrium
496 977 578 1044 dico.
622 975 665 1042 In
687 976 754 1041 vita
784 975 869 1040 enim
890 974 1036 1059 Augusti
1058 976 1235 1043 Suetonius

96 1080 178 1145 haee
201 1078 316 1145 scribit
340 1078 442 1163 (Aug.
465 1081 539 1168 79):
572 1078 714 1163 „Oculos
736 1077 851 1144 habuit
872 1080 931 1166 (sc.
955 1079 1144 1166 Augustus)
1168 1080 1233 1145 cla·

98 1204 153 1249 ros
176 1203 215 1248 ae
236 1182 369 1266 nitidos,
398 1184 516 1266 quibus
541 1187 642 1250 etiam
665 1184 842 1250 existimari
862 1184 994 1252 volebat
1014 1184 1119 1251 inesse
1142 1184 1237 1268 quid-

102 1285 177 1351 dam
200 1285 300 1351 divini
322 1288 450 1371 vigoris,
472 1287 710 1372 gaudebatque,
734 1289 761 1354 si
783 1289 841 1371 qui
859 1289 922 1354 sibi
936 1290 1044 1355 acrius
1059 1287 1237 1368 contuenti,

100 1388 195 1471 quasi
209 1387 252 1452 ad
266 1388 427 1473 fulgorem
441 1389 519 1455 solis
533 1390 658 1455 vultum
672 1392 920 1458 summitteret.“
956 1393 1110 1476 Epitome
1126 1397 1239 1458 autem

30 1534 31 1538 =
99 1489 249 1557 Suetonii
263 1492 408 1575 vestigiis
423 1494 544 1578 pressis
558 1493 720 1576 quandam
734 1494 1013 1560 narratiunculam
1027 1494 1130 1575 addit,
1153 1514 1240 1577 quae

100 1594 130 1659 si
153 1616 218 1660 non
240 1596 363 1660 eisdem
385 1602 531 1663 atcerte
554 1596 727 1662 simillimis
749 1596 856 1662 verbis
870 1597 959 1681 apud
973 1597 1122 1665 Servium
1136 1595 1237 1677 redit,

100 1699 148 1763 ita
170 1704 208 1763 ut
229 1698 271 1764 ab
294 1699 520 1782 Epitomatore
542 1699 621 1765 ficta
643 1719 713 1765 esse
734 1706 885 1783 nequeat.

302 1955 361 2006 apia
375 1956 394 2009 1,
407 1955 440 2000 20.
851 1959 917 2008 Serv.
930 1960 987 2000 Aen
1000 1955 1020 2006 7,
1033 1957 1079 2002 680.

135 2023 163 2076 A
175 2023 252 2078 cuins
263 2025 335 2079 facie
349 2042 413 2079 cum
432 2028 549 2095 quidam
560 2026 642 2081 miles
732 2027 853 2096 denique
866 2028 982 2097 quidam
996 2043 1080 2095 eques
1091 2024 1241 2081 Romanus

101 2109 197 2165 oculos
216 2114 359 2165 averteret
377 2114 406 2164 et
417 2112 643 2186 interrogaretuq
695 2113 885 2185 interrogatus
910 2113 945 2167 ab
973 2128 1021 2178 eo,
1049 2128 1100 2166 cur
1125 2128 1155 2167 se
1177 2111 1240 2166 viso

101 2194 137 2248 ab
158 2212 199 2258 eo,
217 2212 268 2250 cur
285 2197 327 2251 ita
345 2196 464 2264 faceret,
483 2197 643 2266 respondit:
695 2203 821 2255 verteret
850 2200 965 2269 faciem,
1003 2197 1120 2252 dixerit:
1157 2196 1241 2264 quia

101 2280 180 2349 quia
203 2282 334 2336 fulmen
355 2278 542 2336 oculorum
565 2285 642 2337 tuo·
695 2283 832 2340 fulmen
868 2285 1055 2340 oculorum
1091 2287 1242 2338 tucrum

100 2381 176 2419 rum
193 2365 290 2422 ferre
307 2385 376 2423 non
392 2385 543 2440 possum.
694 2367 794 2424 ferre
812 2386 880 2424 non
897 2385 1050 2440 possum3
1075 2369 1172 2424 sicut
1190 2368 1242 2423 ait

695 2453 901 2513 Suetonius.

187 2574 349 2660 Apparet,
372 2576 456 2642 hanc
478 2575 759 2643 narratiunculam
780 2576 868 2661 apud
889 2581 1065 2660 utrumque
1079 2581 1148 2641 tam
1162 2595 1238 2641 con·

100 2677 267 2744 venienter
287 2678 411 2763 referri,
433 2686 471 2746 ut
493 2700 533 2746 ex
548 2678 662 2746 eodem
676 2667 766 2745 fonte
782 2700 853 2744 eam
867 2700 1016 2746 manasse
1030 2698 1161 2744 neeesse
1187 2679 1232 2744 ιιι

103 2780 236 2848 credere
250 2803 325 2847 nam
341 2782 429 2866 quod
444 2781 569 2849 Noster
583 2782 730 2864 militem,
751 2781 881 2848 Servius
896 2781 1039 2865 equitem
1053 2779 1243 2846 Romanum

104 2891 344 2967 commemorat,
357 2906 421 2951 non
429 2885 549 2950 iniuria
557 2885 685 2951 levitati
694 2885 930 2969 Epitomatoris
940 2883 1129 2965 tribuemus,
1142 2903 1243 2966 quam

103 3006 200 3068 saepe
221 2987 288 3052 iam
310 2987 591 3073 deprehendimus.
635 2986 702 3054 Sed
725 3023 764 3035 -
794 2987 881 3070 quod
908 2992 1006 3070 eaput
1029 2991 1079 3052 est
1102 3022 1141 3034 -
1156 2983 1235 3050 Ser·

103 3089 173 3155 vius
194 3090 271 3156 huic
299 3090 581 3175 narratiunculae,
604 3111 702 3174 quam
730 3089 765 3155 in
787 3090 953 3189 Suetonio,
983 3109 1079 3172 quem
1109 3086 1243 3170 quidem

103 3213 161 3258 nos
176 3191 343 3279 habemus,
356 3193 480 3260 frustra
492 3214 641 3277 quaeras,
664 3192 757 3260 addit
777 3193 875 3259 illud:
900 3192 1034 3275 „sicut
1056 3190 1117 3256 ait
1138 3187 1243 3254 Sue-

16 3337 18 3342 ·
104 3297 283 3362 tonius“.
327 3297 468 3381 ltaque,
500 3318 573 3362 oum
595 3296 675 3361 nihil
696 3296 750 3379 sit,
773 3317 831 3362 cur
852 3293 1035 3375 credamus,
1059 3312 1132 3357 eum
1153 3310 1243 3355 meu·

103 3399 202 3464 titum
225 3420 310 3482 esse,
342 3406 431 3466 certe
453 3400 536 3465 illud
557 3399 815 3465 additamentum
837 3399 871 3463 in
890 3387 1053 3464 'Suetonio
1075 3394 1148 3476 illo,
1177 3414 1243 3476 quo

104 3500 235 3568 Servius
256 3504 420 3585 utebatur,
443 3504 463 3568 ι
487 3523 512 3567 e.
534 3504 569 3569 in
583 3501 739 3570 Suetonio
762 3508 859 3568 aucto
884 3500 1028 3581 extabat,
1060 3518 1125 3581 quo
1141 3497 1242 3562 etiam

66 3604 68 3607 ’
103 3603 367 3689 Epitomatorem
388 3628 482 3672 usum
506 3626 576 3673 esse
597 3606 693 3674 modo
718 3605 933 3688 expomumus.

188 3707 337 3775 Servium
358 3731 471 3776 revera
492 3731 557 3776 non
579 3709 736 3776 Suetonio
759 3707 847 3792 ipso,
877 3705 933 3772 sed
963 3703 1114 3771 alicunde
1145 3705 1242 3768 aucto

103 3816 283 3895 ornatoque
305 3834 398 3879 usum
421 3832 505 3895 esse,
536 3813 636 3878 etiam
658 3831 698 3878 ex
720 3810 784 3876 alio
805 3808 878 3875 loco
901 3805 1157 3874 concludendum
1179 3809 1242 3870 est.

102 3912 187 3978 Nam
207 3915 294 3984 Aen.
320 3922 346 3996 l,
371 3921 433 3982 292
456 3921 491 3981 et
514 3914 634 3999 Georg.
657 3918 688 3997 3,
711 3918 750 3979 27
779 3911 858 3998 (bis,
886 3912 935 3976 ita
955 3915 993 3974 ut
1015 3927 1143 3976 emesae
1173 3906 1241 3970 iam

101 4035 168 4081 non
196 4017 365 4101 putandus
396 4014 618 4101 sit,)·Servius
649 4015 844 4083 Suetonium
872 4012 1010 4080 undans
1042 4011 1109 4077 tria
1137 4007 1244 4075 tradit
