2684 4500
647 199 688 259 31

101 367 171 429 eius
186 364 303 444 sontes,
323 366 490 431 Victorem
505 365 577 429 dico
595 371 628 429 et
640 363 841 447 Suetonium,
856 368 1057 432 intercedere
1071 370 1241 450 rationem,

100 475 138 532 ut
161 468 370 551 Epitomator
392 476 534 550 utroque
557 469 615 532 sed
644 491 708 533 non
741 470 836 534 modo
868 471 974 536 altero
1005 479 1080 553 post
1103 473 1242 536 alterum

100 594 178 636 usus
202 576 253 654 sit,
278 573 334 636 sed
365 557 475 651 etiam,
504 571 625 634 librum
648 570 688 635 de
711 571 905 638 Caesaribus
929 595 1000 639 cum
1024 575 1242 656 exscribebat,

99 675 293 740 Suetonium
320 673 515 738 adhibuerit.

187 777 316 859 Restat,
350 784 387 841 ut
438 777 537 840 —id
582 778 667 858 quod
712 784 810 861 caput
854 765 903 843 est
958 819 1000 827 —
1054 779 1094 844 de
1140 782 1240 845 tertia

100 883 160 948 illa
174 882 344 964 Epitomes
365 886 460 961 parte
483 880 688 962 disseramus,
712 903 809 964 quam
824 904 925 965 supra
941 883 1119 966 significavi
1141 883 1241 948 rebus

103 1007 179 1050 cum
203 1005 242 1048 ex
257 984 393 1051 Victore
416 989 486 1046 tum
510 1003 549 1046 ex
566 983 721 1049 Suetonio
744 987 870 1050 haustis
891 988 1048 1050 insertam
1071 993 1104 1051 et
1118 988 1242 1050 immix-

102 1097 174 1154 tam
190 1110 270 1154 esse.
313 1086 409 1150 Unde
433 1087 534 1168 igitur
556 1087 636 1152 haec
658 1088 883 1153 additamenta
899 1088 1061 1171 fluxerint,
1084 1109 1242 1170 quaeren-

101 1192 180 1256 dum
204 1195 262 1254 est.
307 1189 391 1252 Nam
413 1188 675 1271 Epitomatorem
707 1211 746 1254 ea
779 1192 887 1256 omnia
919 1192 958 1256 de
990 1213 1046 1256 suo
1069 1190 1242 1256 adtinuisse

102 1295 264 1358 nemiuem
287 1292 487 1356 crediturum
503 1298 601 1377 puto,
627 1314 699 1357 cum
721 1297 915 1376 praesertim
937 1294 1060 1358 eisdem
1083 1293 1149 1358 lere
1172 1313 1242 1357 rer·

101 1398 155 1463 bis
178 1395 264 1478 apud
287 1395 368 1459 alios
402 1395 576 1478 scriptores
609 1404 743 1462 narrata
777 1403 898 1475 extent,
933 1403 966 1461 et
999 1419 1119 1478 eorum,
1156 1416 1242 1478 quae

104 1501 148 1565 ad
171 1506 276 1564 certos
299 1503 449 1563 auctores
478 1498 599 1562 referre
632 1521 696 1563 nou
732 1521 912 1584 possumus,
952 1500 1107 1583 pleraque
1144 1498 1242 1581 digna

99 1604 282 1683 uideantur,
317 1602 433 1683 quibus
466 1601 547 1666 fides
573 1602 743 1669 habeatur.
787 1603 1026 1668 Additamenta
1048 1603 1151 1686 igitur
1173 1601 1241 1681 illa,

102 1727 145 1771 ex
168 1712 257 1770 certo
281 1706 390 1787 aliquo
423 1704 512 1769 fonte
547 1705 624 1786 q'uin
645 1708 819 1787 manarint,
858 1707 1071 1771 dubitandum
1094 1711 1240 1769 nonest.

104 1809 171 1874 Sed
194 1809 236 1872 ad
259 1830 355 1891 quem
378 1807 506 1872 tandem
528 1808 650 1872 fontem
672 1808 845 1875 referenda
867 1812 942 1892 sint,
966 1810 1150 1892 ambigitur.
1174 1807 1243 1871 Per

104 1936 139 1979 se
163 1915 248 1978 enim
269 1914 336 1975 veri
360 1910 610 1975 dissimillimum
633 1918 692 1993 est,
716 1911 987 1994 Epitomatorem,
1012 1911 1243 1976 cumbrevissi·

101 2038 188 2080 mum
211 2015 358 2080 libellum
381 2036 473 2078 suurn
496 2012 660 2087 conflaret,
692 2013 817 2080 duobus
851 2014 915 2079 illis
939 2013 1153 2097 scriptoribus
1176 2034 1241 2077 non

101 2124 291 2184 contentum
313 2117 421 2198 fuisse,
458 2115 517 2179 sed
545 2117 679 2180 tertium
709 2117 817 2182 nescio
848 2139 944 2201 quem
977 2117 1166 2182 adhibuisse
1196 2115 1238 2180 ad

101 2221 177 2285 illos
214 2220 400 2302 explendos,
447 2239 520 2282 cum
557 2226 608 2285 tot
643 2241 696 2285 res
713 2281 714 2285 ,
732 2227 913 2285 memoratu
936 2219 1039 2285 multo
1068 2220 1241 2303 digniores,

99 2343 188 2406 quae
223 2323 289 2388 illic
334 2322 501 2392 extabant.
538 2322 734 2407 neglegeret.
791 2324 904 2406 Atque
942 2323 1093 2406 equidem
1128 2360 1171 2370 -
1204 2327 1242 2386 ut

101 2428 168 2490 iam
205 2426 311 2491 dicam
348 2426 434 2507 quod
471 2427 575 2491 sentio
606 2465 648 2475 -
679 2429 724 2491 sic
762 2434 880 2510 statuo,
919 2447 1075 2509 quaeres
1106 2424 1141 2488 in
1162 2423 1242 2506 Epi-

103 2536 194 2594 toma
231 2529 299 2594 sola
321 2531 538 2610 inveniuntur,
572 2550 628 2594 eas
659 2531 693 2594 in
717 2551 753 2594 eo
777 2529 924 2596 Suetonii
955 2528 1142 2613 exemplari,
1178 2547 1242 2609 quo

100 2633 311 2714 Epitomator
335 2632 501 2715 utebatur,
539 2633 580 2697 ab
620 2633 685 2698 alio
722 2633 862 2716 quodam
901 2634 1060 2715 scriptore
1099 2651 1139 2695 ex
1168 2631 1242 2695 aliis

100 2733 246 2800 fontibus
283 2733 412 2799 additas
456 2736 562 2801 fuisse.
636 2737 805 2802 Fontem
853 2736 987 2818 igitur
1024 2735 1241 2818 Epitomes

99 2843 276 2921 praeter
310 2838 505 2902 libellum
538 2838 583 2902 de
617 2837 875 2905 Caesaribus
912 2838 1080 2904 nullum
1118 2837 1241 2902 alium

99 2946 205 3023 puto
228 2940 365 3005 fuisse
387 2939 733 3007 nisiSuetouium
756 2949 994 3007 nontamen
1016 2940 1134 3006 nobis
1154 2947 1240 3005 tra·
1291 2976 1293 2979 ·

98 3041 235 3106 ditum
257 3044 331 3108 sed
355 3051 521 3130 auctum
544 3065 565 3109 a
586 3047 731 3111 nescio
754 3067 834 3130 quo
852 3049 1055 3109 exuetere
1072 3042 1242 3125 quodam

99 3145 217 3210 libro
239 3145 305 3210 vel
327 3167 373 3210 ex
402 3148 599 3230 pluribus
625 3148 766 3214 libris.
811 3148 992 3213 Declaraut
1022 3146 1162 3229 primum
1183 3145 1241 3209 illa

102 3247 326 3313 additamenta
347 3250 429 3331 ipsa,
467 3271 552 3333 quae
589 3252 615 3316 si
648 3272 713 3316 non
748 3252 855 3316 omnia
876 3258 911 3316 at
934 3255 1022 3315 certe
1043 3249 1186 3333 plurima
1209 3254 1241 3313 et

102 3352 242 3416 maxime
265 3352 406 3436 insignia
427 3354 671 3435 perlustremus.

186 3453 229 3518 In
250 3455 319 3520 vita
350 3457 480 3538 quidem
502 3458 646 3542 Augusti
677 3457 783 3541 (Epit.
815 3461 842 3539 1,
866 3461 902 3542 6)
930 3456 1139 3540 Epitomator
1161 3453 1241 3522 Sue·

101 3557 235 3639 tonium,
258 3578 354 3641 quem
376 3560 419 3624 ad
441 3560 574 3625 verbum
605 3561 787 3645 exscripsit,
822 3564 953 3625 secutus
976 3559 1161 3642 Augustum
1182 3558 1241 3623 im-

99 3666 287 3742 peratorem
308 3663 489 3746 praedicat,
522 3664 610 3747 quod
631 3664 819 3748 Aegyptum
841 3664 876 3728 in
897 3663 1080 3746 provinciae
1103 3660 1241 3726 formam

103 3763 281 3848 redactam,
305 3787 379 3830 cum
401 3766 543 3832 militum
557 3765 724 3833 laboribus
738 3766 852 3848 fossas,
875 3766 908 3830 in
932 3786 1013 3848 quas
1024 3763 1121 3829 Nilus
1144 3784 1240 3828 exae-

100 3872 204 3950 stuat,
225 3869 437 3952 patefaceret,
452 3869 645 3935 fertiliorem
659 3860 867 3939 reddidisset.
904 3868 1112 3936 Suetonianis
1128 3872 1241 3932 autem

100 3969 270 4037 interserit
291 3972 447 4056 Epitomo
481 3968 546 4037 uim
581 3973 745 4046 frumeuti,
782 3992 865 4055 quac
888 3993 994 4039 annua
1008 3969 1144 4036 Romam
1165 3969 1242 4035 indo

95 4075 168 4142 lata
190 4082 284 4142 esset.
331 4075 438 4173 Quem
459 4097 630 4142 numerum
652 4083 690 4141 ut
712 4075 859 4157 adderet,
887 4075 959 4158 quis
991 4074 1102 4140 credet
1123 4073 1242 4159 Epito-
