2684 4500
645 167 687 232 54

96 355 204 440 (ans.
220 356 286 441 3,4)
309 357 344 420 in
365 355 433 420 vita
455 352 632 436 Caligulae,
655 360 692 420 ut
715 375 755 421 ex
777 354 932 422 Suetonio
953 355 1037 441 (cal.
1058 357 1095 440 8)
1119 355 1240 439 elucet,

96 459 199 526 Plinii
221 457 377 538 Secundi,
410 458 445 521 in
476 457 545 522 vita
577 456 721 536 Neronis
743 457 849 543 (Caes.
874 458 960 543 5,8),
993 466 1031 524 ut
1064 479 1082 524 e
1115 457 1241 526 Tacito

97 561 201 648 (Ann.
226 561 315 645 14,2)
337 565 484 643 apparet,
507 558 606 625 Fabii
620 559 752 626 Rustici
774 560 969 646 sententiam
990 560 1127 646 profert,
1153 564 1241 629 certi

97 664 220 749 aliquid
242 662 498 730 concludendum
518 683 581 727 non
603 663 655 739 sit,
677 663 774 728 mitto
797 684 965 745 quaerere.

183 784 374 864 Statuimus,
409 783 580 851 Victorem
612 783 647 846 in
672 782 758 848 libro
792 783 1013 866 componendo
1043 781 1240 850 Suetonium

98 909 172 955 cum
205 886 316 952 Taciti
362 893 396 951 et
427 884 545 950 Dionis
579 884 668 950 fonte
701 886 759 950 illo
793 886 953 950 communi
986 887 1239 957 contaminasse.

97 991 170 1057 Iam
192 994 329 1073 quaerat
351 988 520 1072 quispiam,
542 987 804 1071 Epitomatorem
830 992 864 1053 et
885 989 993 1072 ipsum
1025 986 1237 1073 Eutropium,

96 1093 305 1174 Victoris⁴⁸)
321 1092 498 1175 aequalem,
523 1111 596 1155 cnm
618 1089 774 1156 Suetonio
797 1095 895 1156 aucto
917 1112 993 1157 usos
1017 1111 1086 1156 esse
1102 1091 1238 1158 demon·

94 1197 307 1277 traverimus,
329 1194 448 1263 Victor
468 1196 538 1277 ipse
559 1213 665 1259 nonne
688 1213 705 1257 e
729 1193 884 1260 Suetonio
906 1200 1001 1259 aucto
1021 1193 1168 1277 pendet?
1195 1234 1241 1246 -

96 1300 209 1381 Atque
233 1296 393 1381 equidem,
415 1302 454 1363 ut
476 1302 588 1380 aperte
610 1296 717 1362 dicam
731 1296 816 1374 quod
831 1297 945 1378 sentio,
968 1297 1240 1365 verisimillimum

96 1406 191 1486 puto,
215 1400 384 1468 Victorem
404 1399 510 1483 ipsum
532 1420 661 1484 quoquc
684 1399 874 1466 Suetonium
897 1406 1030 1465 auctum
1050 1421 1239 1484 usurpasse.

98 1503 195 1588 Quod
217 1511 256 1570 ut
277 1503 500 1585 diiudicemus,
525 1523 608 1587 quae
623 1505 710 1568 ratio
724 1503 812 1568 inter
826 1503 997 1572 Victorem
1012 1508 1045 1569 et
1060 1503 1240 1588 Epitomen

96 1607 289 1690 intercedat,
311 1607 484 1672 videamus.

183 1727 262 1810 Ipso
295 1733 404 1792 antem
426 1726 523 1791 titulo
539 1725 710 1814 Epitomae
733 1725 894 1808 docemur,
910 1747 983 1791 eam
1005 1747 1045 1792 ex
1065 1725 1160 1791 libris
1178 1729 1236 1811 Η)

96 1830 130 1899 S.
144 1829 275 1895 Aurelii
285 1828 440 1912 Victoris,
454 1829 490 1894 id
504 1835 554 1895 est
568 1850 608 1894 ex
624 1851 662 1895 eo
675 1829 884 1915 potissimum,
900 1850 996 1914 quem
1006 1829 1174 1912 habemus,
1191 1831 1233 1896 de

97 1933 293 2000 Caesaribus
314 1931 399 1997 libro
423 1938 610 2016 excerptam
632 1952 711 1997 esse.
753 1929 959 2015 Quamquam
983 1931 1061 2016 quid
1084 1953 1167 2016 opus
1183 1939 1234 1998 est

94 2037 203 2118 titulo,
226 2057 298 2102 cum
313 2057 365 2101 res
378 2056 439 2119 pro
454 2057 488 2101 se
499 2037 572 2119 ipsa
585 2036 749 2119 loquatur,
771 2041 811 2100 ut
825 2035 985 2123 neminem
1000 2055 1121 2119 negare
1137 2056 1234 2102 ausu·

96 2162 169 2206 rum
183 2160 253 2206 esse
266 2145 388 2222 putem,
404 2159 554 2221 magnam
564 2138 734 2222 Epitomes
748 2143 876 2221 partem
888 2159 906 2203 e
917 2138 1055 2206 Victore
1068 2160 1229 2208 manasse.

96 2241 164 2313 Sed
185 2248 295 2308 tamen
317 2263 381 2306 non
402 2262 488 2324 raro,
511 2242 686 2325 Epitomen
700 2241 829 2324 plenius
845 2241 1001 2325 quasdam
1016 2262 1069 2307 res
1085 2263 1223 2308 narrare

95 2346 146 2411 rel
174 2346 228 2411 hic
257 2344 327 2409 illic
356 2343 518 2427 quaedam
548 2344 676 2409 adicere
704 2342 862 2424 videmus,
896 2364 981 2427 quae
1011 2365 1084 2409 cum
1112 2343 1230 2412 Victo-

96 2450 142 2514 ris
164 2449 352 2514 narratione
375 2453 447 2512 arte
469 2448 642 2513 coniuncta
666 2451 700 2512 ct
721 2447 775 2510 vix
793 2467 833 2510 ex
854 2448 960 2513 alieno
983 2446 1072 2512 fonte
1087 2449 1235 2530 repetite

97 2552 172 2617 sint.
217 2549 314 2634 Quod
335 2551 459 2634 primus
475 2547 624 2634 Opitzius
647 2549 838 2615 observavit.
878 2549 1085 2632 Quamquam
1106 2568 1236 2633 eorum,

98 2674 181 2738 quae
202 2651 338 2737 profert,
361 2673 512 2736 magnam
533 2658 663 2736 partem
683 2653 824 2736 probare
838 2673 904 2717 non
917 2673 1058 2736 possum,
1074 2650 1136 2716 nisi
1150 2673 1230 2719 vero

95 2757 227 2822 nomina
249 2754 291 2821 ab
314 2754 541 2838 Epitcmatore
563 2775 660 2839 saepe
688 2755 802 2821 addita
831 2759 900 2840 (3,3
934 2753 1121 2838 Caligulam
1154 2758 1235 2837 4,10

97 2859 312 2943 Agrippinae,
337 2845 525 2922 Germanici
544 2855 648 2943 filiae,
672 2861 720 2938 5,1
745 2857 947 2925 Aenobarbi.
995 2863 1063 2938 11‚1
1080 2856 1235 2944 Paridis)

96 2981 194 3044 grave
216 2958 381 3042 quoddam
402 2958 559 3023 indicium
573 2964 743 3042 putamus;
767 2981 843 3025 nam
858 2980 897 3024 ea
911 2958 1005 3024 facile
1020 2959 1235 3041 Epitomator
1280 3015 1283 3019 .

99 3085 140 3129 ex
162 3063 319 3131 Suetonio
340 3061 474 3127 haurire
495 3063 615 3145 potuit,
638 3082 678 3126 ex
701 3083 765 3145 quo
787 3061 952 3127 interdum
978 3062 1104 3145 singula
1133 3063 1236 3129 verba

166 3339 209 3405 ⁴⁰)
228 3336 304 3391 Nam
322 3353 386 3390 oum
403 3335 544 3405 pleniores
562 3336 687 3392 Victoris
706 3337 839 3391 historias
863 3353 1018 3403 numquam
1037 3335 1163 3391 extitisse
1182 3337 1234 3391 de·

96 3421 350 3487 monstraverimus,
369 3422 482 3486 librum,
502 3439 586 3489 quem
602 3439 657 3477 nos
674 3423 818 3489 habemus,
839 3439 974 3477 comesse
997 3427 1125 3493 apparet,
1145 3440 1229 3490 quem

96 3525 170 3563 anno
188 3507 387 3563 trecentesimo
406 3508 578 3576 sexagesimo
603 3509 741 3579 scriptum
767 3526 826 3564 esse
845 3509 974 3578 Opitzius
1001 3526 1051 3565 suo
1073 3509 1135 3562 iure
1159 3509 1233 3564 mihi

97 3594 211 3663 quidem
228 3594 342 3648 videtur
360 3595 532 3649 contendere
551 3596 591 3664 (p.
610 3594 674 3648 204:
693 3598 757 3649 acta
775 3611 829 3650 soc.
849 3594 946 3664 lips).

102 3688 104 3692 ’
167 3698 212 3766 Η)
231 3695 303 3750 Oum
320 3697 471 3751 verisimile
488 3714 546 3751 non
564 3697 600 3751 sit
612 3697 738 3753 Victoris
751 3697 888 3763 libellum,
907 3714 990 3765 quem
1008 3697 1144 3751 habemus
1165 3699 1232 3751 bre·

96 3782 248 3846 vissimum,
265 3782 353 3836 libros
370 3782 467 3850 plures
486 3781 665 3848 continuisse,
685 3782 739 3836 hoc
751 3782 792 3835 ita
803 3783 1025 3851 intellegendum
1040 3769 1232 3851 videturesse,

95 3871 130 3922 ut
146 3867 372 3937 Epitomatorem
389 3866 494 3921 librum
512 3867 664 3923 coniecisse
690 3869 838 3922 credamus
864 3885 899 3922 ex
926 3867 954 3921 S.
972 3868 1083 3922 Aurelii
1101 3867 1231 3923 Victoris

95 3953 280 4021 aliorumque,
299 3955 432 4022 (quorum
450 3953 565 4006 nomina
577 3953 765 4024 exciderunt),
783 3955 871 4008 libris.
893 3953 978 4024 Quod
995 3955 1054 4008 iam
1067 3954 1232 4010 Hanckium

95 4039 256 4107 coniecisse,
274 4057 359 4110 supra
378 4041 416 4108 (p.
434 4038 463 4107 7)
483 4040 708 4094 commemoravi.
