2684 4500
700 192 741 252 68

146 362 250 446 igitur
271 360 344 425 fieri
368 380 432 424 non
465 365 584 444 potest,
613 366 651 426 ut
685 360 897 443 Epitomator
924 362 958 425 in
989 360 1049 427 illa
1080 367 1176 444 parte
1210 361 1287 427 libri

150 462 361 548 componendi
383 462 581 549 Eutropium
602 463 711 546 ipsum
732 463 932 544 adhibuerit,
958 463 1142 548 negandum
1174 470 1288 528 tamen

151 587 216 631 non
239 571 299 646 est,
315 564 479 651 quandam
496 565 768 631 necessitudinem
784 567 872 631 inter
888 586 943 630 eos
956 567 991 631 in
1004 567 1102 632 rebus
1116 566 1288 631 narrandis

153 688 321 752 apparere,
346 687 429 754 quae
451 667 528 731 inde
541 667 670 733 videtur
683 668 862 751 repetenda
878 688 956 750 esse,
974 669 1060 756 quod
1075 670 1287 753 Epitomator

149 771 303 854 Eutropii
325 771 450 837 fontem
472 771 506 834 in
528 791 624 835 usum
645 772 780 836 vocavit.

237 875 279 939 In
313 873 553 960 posterioribus
589 894 665 939 roro
701 873 872 956 capitibus,
902 894 987 959 quae
1020 875 1152 961 quidem
1182 897 1235 940 res
1267 896 1289 940 a

152 975 352 1043 Caesaribus
390 1013 432 1025 ·-
467 976 543 1040 inde
580 995 600 1040 a
635 975 682 1041 M.
714 976 860 1039 Antonio
889 976 1082 1063 philosopho
1108 999 1213 1065 usque
1247 977 1290 1042 ad

154 1079 311 1145 Carinum
332 1115 374 1127 -
396 1084 505 1162 gestas
526 1083 743 1165 pertractant,
767 1099 839 1142 oum
855 1075 982 1158 Opitzio
1005 1080 1120 1160 sentio,
1141 1080 1290 1166 quamvis

152 1183 360 1266 argumentis,
383 1202 467 1269 quae
488 1180 612 1262 attulit,
634 1180 710 1244 mihi
737 1201 802 1245 non
831 1182 1035 1268 persuaserit.
1086 1180 1176 1247 Nam
1203 1182 1292 1269 quod

153 1286 254 1351 mirus
274 1285 361 1349 inter
382 1284 558 1370 Epitomen
580 1288 614 1348 et
635 1282 834 1369 Eutropium
857 1306 1030 1350 consensus
1053 1290 1152 1366 extat,
1175 1285 1226 1350 ita
1248 1291 1287 1350 ut

155 1389 302 1471 integrae
323 1386 451 1474 periodi
482 1383 572 1472 apud
604 1389 778 1472 utrumque
808 1386 955 1468 redeant,
986 1387 1062 1452 inde
1091 1387 1172 1453 nihil
1205 1390 1289 1453 certi

154 1492 322 1572 evincitur,
348 1511 424 1554 nam
447 1488 559 1553 eadem
582 1485 650 1551 fere
670 1486 756 1553 ratio
771 1488 857 1553 inter
872 1490 1049 1576 Epitomen
1063 1496 1097 1556 et
1112 1491 1291 1577 scriptores

152 1593 309 1658 historiae
348 1592 531 1675 Augustae,
569 1590 761 1675 quibuscum
796 1591 1008 1677 Epitomator
1028 1592 1196 1658 interdum
1227 1595 1291 1658 eis-

154 1695 228 1761 dem
249 1695 340 1776 locis,
363 1695 420 1781 qui
441 1693 594 1778 Eutropii
615 1692 774 1758 simillimi
795 1705 879 1773 sunt,
901 1695 983 1759 mire
1005 1695 1156 1778 concinit,
1186 1695 1291 1761 inter·

156 1798 271 1863 cedere
301 1797 438 1875 videtur,
468 1795 517 1858 ita
542 1800 590 1875 ut,
620 1815 692 1858 oum
720 1815 760 1860 ex
791 1795 902 1860 eodem
932 1797 1020 1861 fonte
1049 1803 1083 1862 et
1111 1799 1292 1886 scriptores

155 1901 312 1965 historiae
334 1898 517 1981 Augustae,
542 1902 575 1962 et
589 1897 786 1985 Eutropium
808 1898 951 1985 pendere
973 1901 1052 1965 satis
1075 1907 1213 1984 constet,
1233 1905 1293 1986 ⁵⁸)

154 2003 292 2086 cogitari
327 2002 436 2082 liceat,
468 2000 729 2085 Epitomatorem
761 2023 826 2067 non
857 2003 1053 2088 Eutropium
1082 2005 1198 2089 ipsum,
1229 2005 1289 2069 sed

154 2106 223 2170 eius
253 2109 286 2169 et
315 2105 510 2190 scriptorum
539 2102 669 2168 illorum
696 2125 898 2169 communem
928 2105 1052 2170 fontem
1089 2105 1290 2172 adhibuisse.

156 2207 222 2275 Sed
244 2207 305 2272 hoc
328 2228 365 2270 aa
387 2226 424 2270 re
444 2205 614 2288 refellitur,
637 2205 724 2292 quod
738 2206 948 2289 Epitomator
969 2207 1133 2273 interdum
1154 2209 1290 2294 propius

158 2310 201 2377 ad
247 2310 445 2394 Eutropium
479 2329 579 2393 quam
625 2308 668 2373 ad
714 2309 889 2396 scriptores
925 2310 1081 2375 historiae
1116 2309 1292 2393 Augustae

157 2411 293 2478 accedit.
351 2408 450 2476 (iuius
487 2409 536 2473 rei
571 2410 633 2490 hoe
660 2410 951 2476 luculentissimum
984 2412 1165 2498 exemplum
1190 2414 1293 2479 liceat

156 2513 284 2584 afferre.

266 2704 325 2754 upra
339 2702 390 2757 ras.
647 2703 740 2754 nausa
753 2703 804 2758 sps.
982 2704 1030 2748 ιιι.
1044 2703 1165 2753 caesana
1179 2703 1232 2757 ιιι.
1256 2695 1259 2700 ’

190 2790 247 2845 Hio
282 2790 412 2860 permisit
449 2790 521 2845 viris
579 2787 648 2854 8,l4.
693 2787 750 2842 Hic
777 2787 906 2857 permisit
968 2790 1034 2857 17,6
1060 2787 1221 2845 Τιιιιοιὶιὶι
1234 2790 1296 2844 ols-

158 2876 335 2932 clarioribus
348 2879 379 2928 ut
390 2890 519 2928 convivia
545 2889 613 2926 viris
622 2872 793 2940 clarioribus
800 2880 832 2929 ut
840 2892 905 2929 eon
931 2874 1054 2946 rioribus
1089 2875 1227 2943 permisit,
1264 2883 1296 2932 ut

158 2963 257 3017 eodem
276 2962 362 3027 cultu,
381 2978 435 3028 quo
450 2960 519 3028 ipse,
546 2958 620 3012 vivia
639 2959 836 3024 eodemcultu,
850 2976 904 3026 quo
932 2961 1032 3015 eodem
1062 2962 1140 3015 cultu
1169 2978 1226 3030 quo
1262 2965 1295 3014 et

159 3034 189 3086 et
216 3000 406 3084 ministris
442 3029 516 3081 simi·
544 3026 606 3094 ipse
648 3031 678 3080 et
721 3029 935 3081 ministris'
927 3027 1295 3097 ipsevelministeriis

153 3117 232 3172 libus
251 3116 425 3169 exhiberent.
546 3100 685 3166 similibus
703 3112 880 3170 exhiberent
933 3115 1071 3169 similibus
1090 3114 1221 3169 convivia
1246 3131 1293 3167 ex·

192 3201 251 3257 Hic
270 3219 334 3256 oum
353 3200 460 3254 aerario
473 3216 519 3253 ex·
579 3199 649 3264 8,13.
663 3237 692 3255 ..
716 3215 778 3253 cum
797 3198 905 3252 aerario
932 3201 1070 3256 biberent.

157 3287 266 3354 hausto,
274 3286 521 3357 largitiones,quas
548 3287 700 3349 exhausto,
742 3284 906 3352 largitiones
970 3286 1036 3350 17,4.
1065 3285 1245 3340 Gumautem
1258 3284 1296 3339 ud

160 3374 301 3427 militibus
332 3372 520 3441 impenderet,
546 3372 638 3425 nullas
666 3368 787 3424 haberet
816 3388 906 3438 neque
934 3372 1203 3427 hoobellumomne
1216 3386 1298 3424 aera·

158 3475 216 3513 non
234 3458 355 3512 haberet
372 3474 464 3526 neque
476 3456 520 3510 in·
548 3458 673 3513 indicere
685 3456 907 3525 provincialibus
934 3457 1008 3510 rium
1021 3457 1194 3512 exhausisset
1202 3472 1297 3522 neque

159 3546 252 3601 dicere
298 3543 521 3614 provincialibus
547 3548 599 3599 aut
645 3542 756 3597 senatui
802 3541 908 3608 aliquid
934 3544 962 3595 in
982 3544 1114 3597 animum
1137 3531 1299 3606 induceret,

163 3634 213 3685 aut
225 3631 335 3686 senatui
348 3629 455 3698 aliquid
465 3631 521 3685 vel·
546 3632 655 3697 vellet,
691 3629 907 3682 instrumentum
935 3631 968 3680 ut
985 3633 1068 3682 extra
1080 3628 1211 3684 ordinem
1230 3644 1296 3696 pro·

158 3715 209 3784 let,
220 3714 437 3772 instrumentum
448 3715 521 3785 regii
547 3715 620 3786 regii
655 3715 747 3770 cultus
774 3715 851 3768 lacta
879 3712 908 3766 in
934 3712 1105 3767 vincialibus
1117 3712 1228 3782 aliquid
1243 3713 1298 3766 im·

232 3994 277 4055 ’ἢ
293 3992 397 4048 Confer
408 3989 496 4060 Beelr,
513 3991 657 4047 observat.
674 3989 705 4043 in
723 3989 818 4058 script.
835 3988 899 4042 hist.
916 4005 981 4057 aug.
998 3987 1086 4043 critic.
1104 3985 1299 4041 Vratislsriae

157 4079 236 4135 1838.
261 4095 290 4148 p.
308 4079 350 4134 23.
