2684 4500
540 711 545 717 ’
600 719 807 829 Vita.
882 829 885 833 ,

233 961 337 1026 Natus
371 982 441 1024 sum
477 959 645 1024 Arthurus
679 958 769 1023 Oolm
803 958 950 1034 Flatowi,
985 981 1013 1026 a..
1050 965 1076 1023 d.
1101 960 1179 1027 VII.
1202 960 1282 1024 lolus

147 1065 243 1131 Febr.
270 1086 290 1128 a
314 1067 396 1129 1862
420 1065 454 1126 in
485 1063 634 1145 oppidulo
656 1051 832 1127 Borussiae
856 1063 1062 1126 occidentalis
1090 1064 1283 1145 provinciae,

145 1175 241 1254 patre
278 1167 462 1232 Heimanno
501 1173 602 1231 matre
650 1166 782 1229 Zerlina
825 1187 842 1228 e
881 1172 977 1248 gente
1015 1165 1120 1247 Cohn,
1164 1167 1283 1248 quibus

147 1271 374 1355 superstitibus
396 1270 601 1334 veliementer
629 1268 761 1350 gaudeo.
800 1268 914 1332 Fidem
937 1268 1088 1350 profiteor
1109 1270 1282 1336 iudaicam.

146 1376 346 1442 Litterarum
368 1372 557 1436 rudimentis
573 1373 708 1436 Flatowi
731 1372 765 1435 in
787 1372 897 1435 schola
921 1372 1108 1455 municipali
1130 1372 1281 1453 imbutus

147 1500 253 1543 novem
268 1498 366 1541 annos
380 1482 494 1557 natus,
511 1497 576 1538 cum
591 1480 687 1557 pater
701 1474 888 1538 Berolinum
903 1476 1062 1557 migraret,
1077 1476 1111 1538 in
1134 1475 1283 1557 quintam

151 1583 288 1646 classem
325 1566 812 1662 SophienssGymnasii,
848 1579 933 1660 quod
955 1585 1096 1660 vocatur,
1134 1586 1283 1662 receptus

150 1705 228 1765 sum,
266 1683 350 1765 quod
380 1683 484 1745 adhuc
513 1681 573 1746 Th.
605 1681 659 1747 W.
690 1681 794 1759 Pauli,
818 1683 1090 1764 praestantissimi
1118 1682 1187 1763 viri,
1226 1704 1283 1746 au-

149 1788 255 1870 spiciis
277 1786 379 1852 floret.
426 1785 499 1868 (1111,
523 1783 704 1867 Seyffertio,
737 1784 937 1867 Lortringio,
971 1785 1179 1865 Hofmannio,
1213 1786 1283 1850 Ell-

149 1894 246 1974 gerio,
271 1890 326 1971 qui
348 1894 573 1971 praeceptores
590 1888 743 1951 carissimi
756 1888 937 1952 liberalium
949 1889 1126 1952 studiorum
1142 1909 1284 1952 amorem

147 1994 227 2058 mihi
249 1993 443 2071 inseverunt‚
467 1993 606 2073 gratiam
628 1991 730 2055 habeo
754 2001 851 2073 aupm
875 2011 1000 2072 semper
1034 1991 1158 2056 habebo
1189 2012 1284 2073 qiram

147 2097 323 2163 maximam.
366 2095 536 2158 Autumno
561 2117 588 2159 a.
613 2095 644 2159 11.
668 2116 692 2161 s.
716 2093 882 2157 LXXIX
912 2094 1108 2158 maturitatis
1140 2095 1284 2159 testimo·

150 2200 238 2262 nium
275 2197 414 2279 adeptus
453 2199 690 2278 tentamineque
726 2199 865 2279 rigoroso
901 2197 1059 2262 liberatus
1092 2198 1127 2261 in
1155 2199 1283 2263 univcr-

152 2302 284 2366 sitatem
306 2300 546 2364 Berolinensem
576 2300 711 2381 migravi
736 2305 769 2363 et
791 2301 837 2364 ibi
869 2302 996 2365 nomine
1030 2299 1114 2378 apud
1146 2300 1284 2386 philoso-

150 2405 282 2490 phorum
316 2402 453 2466 ordinem
487 2403 562 2467 dato
596 2404 680 2466 inter
715 2403 799 2468 cives
829 2405 934 2469 almae
956 2406 1135 2469 litterarum
1157 2405 1283 2467 univer·

148 2508 257 2572 sitatis
280 2527 338 2592 per
362 2508 482 2591 septies
505 2528 561 2571 sex
584 2526 705 2570 menses
728 2507 846 2570 studiis
861 2507 1058 2591 philologieis
1075 2512 1107 2570 01
1123 2506 1285 2571 historicis

150 2630 275 2695 operam
311 2608 433 2675 navari.
507 2609 695 2675 Docuerunt
738 2631 790 2673 me
828 2611 887 2674 riri
926 2610 1110 2678 clarissimi:
1148 2608 1283 2691 Harms,

148 2712 316 2792 Huebner,
340 2710 493 2797 Kiepert,
509 2713 551 2776 A.
569 2713 746 2796 Kirchhoff,
763 2720 940 2793 Mommsen,
963 2712 1119 2793 Lazarus,
1135 2711 1283 2793 Nitzsch,

147 2814 302 2885 Paulson,
327 2806 367 2878 de
390 2814 591 2897 Treitschlie,
614 2816 752 2897 Vahlen,
783 2816 901 2896 Zeller,
931 2815 1155 2881 Wattenbach.
1213 2816 1285 2880 Nec

147 2918 305 2981 minorem
329 2938 426 2999 quam
449 2939 487 2981 ex
518 2924 625 2984 horum
647 2920 786 2983 virorum
817 2919 930 2983 scholis
953 2920 1089 2983 fructum
1123 2940 1163 2982 cx
1186 2939 1225 2982 ea
1248 2940 1284 2982 re

149 3021 287 3106 percepi,
303 3019 388 3102 quod
404 3042 465 3087 non
480 3021 571 3084 modo
597 3023 884 3088 exercitationibus
896 3021 1097 3102 Kirchhoffii,
1113 3021 1284 3102 Nitzscliii,

147 3122 301 3203 Vahleni,
332 3123 454 3188 Zelleri
476 3125 611 3188 interfui
643 3127 699 3190 sed
730 3127 824 3192 etiam
854 3148 910 3211 per
941 3131 1056 3207 quater
1079 3146 1136 3187 sex
1157 3144 1284 3188 mensos

153 3225 317 3290 seminarii
340 3250 358 3290 a
380 3227 575 3293 Mommsono
599 3230 755 3294 moderati
778 3229 895 3293 sodalis
917 3229 973 3294 fui.

233 3328 303 3392 Hos
324 3329 406 3394 viros
432 3353 535 3396 omnes
558 3333 592 3395 in
614 3333 724 3418 primis
748 3339 856 3396 autem
878 3331 1115 3412 lllommsenum,
1138 3336 1176 3394 ut
1194 3352 1284 3414 egre·

146 3431 201 3513 gia
225 3438 298 3497 sunt
323 3453 426 3497 eorum
449 3435 489 3499 de
513 3456 563 3499 me
593 3435 721 3514 merita,
755 3455 875 3520 semper
905 3435 959 3520 pio
990 3440 1147 3517 gratoque
1176 3434 1283 3498 animo

146 3533 289 3600 recolam.
