2684 4500
655 165 695 224 27

187 331 241 395 De
263 331 429 413 Epitomes
451 329 596 396 fontibus
627 333 653 396 si
676 336 871 419 quaerimus,
887 333 982 398 iacile
1014 337 1241 416 cognoscimus,

97 442 203 500 totum
224 435 365 500 libellum
388 455 427 498 ex
449 435 555 499 tribus
576 436 736 518 partibus,
760 438 846 501 inter
875 457 909 501 se
932 437 1126 523 disparibus,
1160 461 1241 504 com-

99 539 242 624 positum
265 559 343 604 esse.
392 535 536 618 Quarum
559 539 660 624 prima
692 561 730 604 ex
759 539 844 604 libro
868 538 907 603 de
931 538 1129 606 Caesaribus
1150 564 1242 628 repe·

98 643 165 706 tita
188 647 247 723 est,
286 641 390 704 altera
423 661 462 704 ex
485 640 642 707 Suetonio
665 641 970 721 manassevidetur,
1008 645 1118 725 tertia,
1156 667 1241 728 quae

98 745 264 830 prioribus
286 745 409 808 inserta
432 750 491 825 est,
521 744 563 808 ad
592 745 712 809 nullum
745 751 865 810 certum
887 746 1075 832 scriptorem
1096 751 1243 813 revocari

98 853 220 933 potest.
1149 857 1151 860 ⁴

187 950 302 1032 Atque
326 970 412 1032 quae
441 949 484 1013 ad
500 951 629 1016 verbum
645 973 714 1016 cum
730 949 928 1016 Caesaribus
945 955 1144 1040 conspirant,
1160 955 1237 1024 Vic-

100 1054 177 1135 tori,
200 1054 340 1136 itemque
364 1073 447 1134 quae
471 1053 628 1120 Suetonio
651 1055 807 1119 simillima
834 1056 995 1138 leguntur,
1035 1058 1064 1122 ei
1086 1058 1150 1144 ipsi
1185 1060 1243 1123 tri-

101 1155 233 1219 buenda
256 1177 336 1238 esse,
363 1157 426 1219 iam
457 1178 555 1242 supra
578 1157 802 1227 demonstravi.
826 1159 918 1224 Fieri
935 1161 1014 1224 enim
1035 1182 1101 1225 non
1123 1169 1241 1247 postet,

100 1264 139 1322 ut
160 1280 213 1322 res
234 1265 399 1341 narratae,
423 1261 473 1324 ita
502 1267 540 1325 ut
562 1260 651 1346 apud
672 1262 934 1347 Epitomatorem
956 1264 1096 1349 scriptae
1120 1269 1243 1346 extant,

99 1364 164 1427 iam
188 1362 362 1430 aVictore
385 1364 419 1426 in
441 1363 594 1448 ampliore
616 1364 701 1429 libro
718 1365 960 1448 conglutinatae
977 1367 1052 1449 sint,
1076 1366 1162 1449 quia,
1185 1370 1244 1450 qui

99 1468 243 1532 libellum
266 1466 306 1530 de
322 1464 515 1530 Caesaribus
538 1468 727 1552 composuit,
750 1489 801 1532 res
824 1468 907 1533 solas
923 1488 963 1532 ex
982 1467 1139 1534 Suetonio
1163 1470 1243 1535 hau·

98 1571 153 1650 sit,
177 1571 318 1656 propriis
340 1575 447 1633 tamen
476 1568 583 1632 verbis
605 1590 681 1634 usus
705 1576 764 1651 est,
795 1571 853 1653 qui
875 1570 1048 1656 Epitomen
1078 1571 1242 1653 conflavit,

99 1673 180 1737 nihil
217 1673 280 1736 nisi
316 1671 504 1738 Suetonium
541 1672 722 1758 exscripsit.
775 1671 841 1738 Sed
873 1672 1047 1755 diligenter
1068 1673 1243 1761 Epitomen

99 1776 373 1862 perlustrantibus
395 1775 610 1858 gravissimum
632 1775 793 1858 quoddam
816 1777 960 1841 occurrit
981 1776 1142 1859 indicium,
1166 1799 1242 1861 quc,

100 1878 289 1944 Suetonium
312 1899 380 1942 cum
402 1878 513 1943 libello
537 1878 577 1942 de
600 1876 796 1944 Caesaribus
820 1881 1070 1945 contaminatum
1100 1900 1170 1945 esse
1200 1882 1242 1945 ab

99 1981 332 2067 Epitomatore,
370 1981 462 2046 nobis
486 1981 727 2067 persuadeatur.
772 1981 814 2045 In
837 1979 907 2047 Titi
936 1983 1017 2046 enim
1039 1982 1107 2046 vita
1129 1983 1243 2069 Epito-

100 2092 204 2150 mator
225 2085 356 2170 primum
379 2082 570 2150 Suetonium
593 2089 722 2148 secutus
744 2082 865 2168 (Tiar
888 2090 920 2148 et
945 2086 981 2170 1)
1003 2084 1108 2149 tradit
1134 2086 1242 2172 (Epit.

104 2192 155 2267 10,
180 2189 231 2268 6):
264 2184 353 2269 „Sed
374 2188 455 2251 liaeo
476 2188 512 2250 iu
533 2186 645 2250 melius
674 2206 829 2251 conversa
860 2187 942 2253 adeo
976 2188 1006 2251 ei
1039 2187 1244 2252 immortalem

99 2292 234 2374 gloriam
256 2290 434 2370 contulere,
471 2296 507 2354 ut
544 2289 679 2353 deliciae
717 2295 815 2371 atque
847 2311 935 2355 amor
963 2289 1092 2354 humani
1116 2291 1244 2372 generis

102 2394 356 2481 appellaretur.“
395 2392 474 2458 Cum
503 2401 609 2457 autem
639 2392 672 2454 in
701 2391 786 2455 libro
819 2390 859 2466 de
883 2388 1077 2457 Caesaribus
1101 2395 1242 2458 extremo

100 2498 210 2584 capite
231 2497 353 2561 luctum
375 2502 450 2582 post
472 2501 601 2560 mortem
622 2495 823 2580 imperatoris
845 2493 896 2557 his
919 2493 1024 2558 verbis
1049 2494 1244 2581 descriptum

99 2600 275 2664 invenisset
297 2598 407 2685 (Caes.
432 2604 481 2680 10,
505 2600 552 2676 6):
591 2596 720 2677 „Huius
750 2615 827 2660 sane
857 2617 940 2662 mors
964 2596 1046 2662 adeo
1069 2597 1245 2684 provinciis

100 2703 204 2768 luctui
225 2703 297 2781 luit,
320 2704 379 2784 uti,
407 2703 534 2786 generis
556 2701 683 2766 humani
706 2699 841 2765 delicias
864 2700 1067 2786 appellantes
1091 2700 1245 2766 orbatum

100 2808 209 2873 orbem
231 2805 416 2878 deflerent‘.
438 2811 532 2870 tanta
554 2805 622 2886 egit
643 2803 789 2885 levitate,
811 2810 849 2868 ut
872 2804 966 2869 etiam
988 2803 1069 2868 haec
1085 2802 1247 2868 exscribe-

101 2916 161 2991 ret,
200 2930 392 2992 quamquam
421 2909 484 2973 iam
513 2909 583 2993 ipse
613 2927 741 2989 quoque
772 2907 864 2971 modo
894 2907 956 2971 hoc
978 2905 1050 2971 Titi
1072 2925 1246 2988 cognomen

102 3018 425 3092 commemoraverat,
455 3011 504 3076 ita
532 3019 569 3076 ut
590 3012 661 3097 ipse
684 3016 863 3093 cogeretur,
892 3009 991 3074 rerba
1033 3009 1141 3092 „sicut
1163 3008 1245 3073 dixi·

99 3120 186 3180 mus“
200 3117 251 3196 24)
281 3115 375 3198 quasi
396 3113 440 3178 ad
461 3113 544 3179 illud
567 3112 782 3178 excusandum
804 3113 1021 3198 interponere.
1091 3110 1134 3176 Id
1174 3110 1245 3193 qui·

101 3218 172 3284 dem
195 3225 334 3301 constat,
357 3218 419 3282 hoc
449 3223 536 3282 certe
564 3216 636 3283 loco
665 3216 707 3281 ab
728 3215 954 3302 Epitomatore
966 3213 1134 3283 Victorem
1165 3215 1247 3280 Sue-

98 3321 183 3388 tonii
206 3321 311 3386 verbis
334 3320 587 3385 contaminatum
609 3339 688 3385 esse.

185 3424 236 3489 Eo
268 3425 354 3488 enim
389 3443 479 3487 more
501 3422 711 3509 Epitomator
731 3420 879 3486 libellum
901 3440 996 3485 suum
1018 3419 1147 3486 videtur
1170 3441 1244 3486 con·

99 3527 229 3610 fecisse,
249 3534 287 3593 ut
301 3527 448 3596 Victoris
463 3525 546 3591 libro
562 3525 655 3608 quasi
670 3523 881 3588 fundamento
893 3521 948 3608 ²⁵)
974 3527 1136 3606 uteretur,
1159 3544 1245 3607 quae

188 3699 231 3766 ²⁴)
249 3697 341 3751 simile
372 3695 508 3764 quiddam
537 3696 567 3750 in
593 3694 651 3750 vita
680 3695 803 3766 Augusti
831 3693 955 3750 occurrit
980 3693 1245 3764 (mpit.1‚2ecaes.

98 3778 162 3853 tc),
193 3784 243 3838 ubi
272 3785 392 3839 verbum
422 3786 539 3854 „antea“
569 3781 749 3852 Epitomator
767 3783 847 3848 quasi
869 3782 1021 3837 excusandi
1038 3779 1245 3838 causaedicere

98 3870 214 3925 coactus
229 3875 280 3926 est

188 3977 231 4044 ²⁵)
253 3973 318 4029 Non
349 3973 425 4028 enim
442 3971 621 4042 Epitomator
641 3973 746 4026 librum
771 3971 924 4028 confecisse
942 3977 972 4028 et
989 3970 1159 4028 Suetonium
1176 3969 1245 4026 Vic-

98 4066 162 4117 tore
192 4060 251 4116 sine
276 4061 332 4115 ullo
351 4059 466 4116 consilio
491 4061 707 4127 contaminasse
729 4059 874 4130 putandus
894 4066 949 4124 eat,
987 4058 1045 4130 Sed
1064 4057 1248 4130 Epitcmator
