<?xml version="1.0" encoding="UTF-8"?>
<!DOCTYPE html PUBLIC "-//W3C//DTD XHTML 1.0 Transitional//EN"
    "http://www.w3.org/TR/xhtml1/DTD/xhtml1-transitional.dtd">
<html xmlns="http://www.w3.org/1999/xhtml" xml:lang="en" lang="en">
 <head>
  <title>
</title>
<meta http-equiv="Content-Type" content="text/html;charset=utf-8" />
  <meta name='ocr-system' content='tesseract 3.04.00' />
  <meta name='ocr-capabilities' content='ocr_page ocr_carea ocr_par ocr_line ocrx_word'/>
</head>
<body>
  <div class='ocr_page' id='page_1' title='image "./quibusexfontibu00cohngoog_0024.png"; bbox 0 0 2684 4500; ppageno 0'>
   <div class='ocr_carea' id='block_1_1' title="bbox 620 197 658 254">
    <p class='ocr_par' dir='ltr' id='par_1_1' title="bbox 620 197 658 254">
     <span class='ocr_line' id='line_1_1' title="bbox 620 197 658 254; baseline 0 0"><span class='ocrx_word' id='word_1_1' title='bbox 620 197 658 254; x_wconf 85' lang='lat'><strong>19</strong></span> 
     </span>
    </p>
   </div>
   <div class='ocr_carea' id='block_1_2' title="bbox 50 362 1221 3416">
    <p class='ocr_par' dir='ltr' id='par_1_2' title="bbox 50 362 1219 2091">
     <span class='ocr_line' id='line_1_2' title="bbox 74 362 1219 447; baseline 0.001 -20"><span class='ocrx_word' id='word_1_2' title='bbox 74 368 165 428; x_wconf 92' lang='lat' dir='ltr'><strong>tome</strong></span> <span class='ocrx_word' id='word_1_3' title='bbox 187 364 267 427; x_wconf 92' lang='lat' dir='ltr'><strong>haec</strong></span> <span class='ocrx_word' id='word_1_4' title='bbox 290 363 391 427; x_wconf 89' lang='lat' dir='ltr'><strong>habet</strong></span> <span class='ocrx_word' id='word_1_5' title='bbox 413 364 520 445; x_wconf 84' lang='lat' dir='ltr'><strong>(a,9):</strong></span> <span class='ocrx_word' id='word_1_6' title='bbox 555 382 647 442; x_wconf 87' lang='lat' dir='ltr'><strong>„cum</strong></span> <span class='ocrx_word' id='word_1_7' title='bbox 679 362 823 426; x_wconf 80' lang='lat' dir='ltr'><strong>insontes</strong></span> <span class='ocrx_word' id='word_1_8' title='bbox 846 362 959 426; x_wconf 89' lang='lat' dir='ltr'><strong>noxios</strong></span> <span class='ocrx_word' id='word_1_9' title='bbox 990 384 1066 427; x_wconf 89' lang='lat' dir='ltr'><strong>suos</strong></span> <span class='ocrx_word' id='word_1_10' title='bbox 1090 367 1219 447; x_wconf 88' lang='lat' dir='ltr'><strong>pariter</strong></span> 
     </span>
     <span class='ocr_line' id='line_1_3' title="bbox 74 465 1217 548; baseline 0.002 -18"><span class='ocrx_word' id='word_1_11' title='bbox 74 471 289 548; x_wconf 88' lang='lat' dir='ltr'><strong>externosque</strong></span> <span class='ocrx_word' id='word_1_12' title='bbox 325 466 466 548; x_wconf 90' lang='lat' dir='ltr'><strong>puniret,</strong></span> <span class='ocrx_word' id='word_1_13' title='bbox 500 465 649 529; x_wconf 80' lang='lat' dir='ltr'><strong>resolutis</strong></span> <span class='ocrx_word' id='word_1_14' title='bbox 683 465 821 529; x_wconf 88' lang='lat' dir='ltr'><strong>militiae</strong></span> <span class='ocrx_word' id='word_1_15' title='bbox 855 465 989 546; x_wconf 89' lang='lat' dir='ltr'><strong>artibus,</strong></span> <span class='ocrx_word' id='word_1_16' title='bbox 1025 469 1217 538; x_wconf 81' lang='lat' dir='ltr'><strong>Armenia..</strong></span> 
     </span>
     <span class='ocr_line' id='line_1_4' title="bbox 50 557 1214 652; baseline 0.004 -21"><span class='ocrx_word' id='word_1_17' title='bbox 50 557 54 561; x_wconf 57' lang='grc'><strong>’</strong></span> <span class='ocrx_word' id='word_1_18' title='bbox 74 568 221 651; x_wconf 89' lang='lat' dir='ltr'><strong>direptae</strong></span> <span class='ocrx_word' id='word_1_19' title='bbox 245 574 351 634; x_wconf 86' lang='lat' dir='ltr'><strong>sunt“.</strong></span> <span class='ocrx_word' id='word_1_20' title='bbox 396 567 480 632; x_wconf 90' lang='lat' dir='ltr'><strong>Cum</strong></span> <span class='ocrx_word' id='word_1_21' title='bbox 501 568 603 651; x_wconf 88' lang='lat' dir='ltr'><strong>igitur</strong></span> <span class='ocrx_word' id='word_1_22' title='bbox 624 569 688 650; x_wconf 93' lang='lat' dir='ltr'><strong>ille,</strong></span> <span class='ocrx_word' id='word_1_23' title='bbox 712 569 767 650; x_wconf 90' lang='lat' dir='ltr'><strong>qui</strong></span> <span class='ocrx_word' id='word_1_24' title='bbox 790 565 947 632; x_wconf 88' lang='lat' dir='ltr'><strong>Caesares</strong></span> <span class='ocrx_word' id='word_1_25' title='bbox 971 570 1111 652; x_wconf 72' lang='lat' dir='ltr'><strong>scripsit,</strong></span> <span class='ocrx_word' id='word_1_26' title='bbox 1136 570 1214 637; x_wconf 82' lang='lat' dir='ltr'><strong>Sue·</strong></span> 
     </span>
     <span class='ocr_line' id='line_1_5' title="bbox 72 670 1216 752; baseline 0.003 -16"><span class='ocrx_word' id='word_1_27' title='bbox 72 673 201 736; x_wconf 89' lang='lat' dir='ltr'><strong>tonium</strong></span> <span class='ocrx_word' id='word_1_28' title='bbox 225 677 356 736; x_wconf 91' lang='lat' dir='ltr'><strong>secutus</strong></span> <span class='ocrx_word' id='word_1_29' title='bbox 379 671 463 734; x_wconf 90' lang='lat' dir='ltr'><strong>hane</strong></span> <span class='ocrx_word' id='word_1_30' title='bbox 484 691 553 734; x_wconf 88' lang='lat' dir='ltr'><strong>rem</strong></span> <span class='ocrx_word' id='word_1_31' title='bbox 577 676 770 752; x_wconf 81' lang='lat' dir='ltr'><strong>enarrasset,</strong></span> <span class='ocrx_word' id='word_1_32' title='bbox 793 670 1003 752; x_wconf 87' lang='lat' dir='ltr'><strong>Epitomator</strong></span> <span class='ocrx_word' id='word_1_33' title='bbox 1033 672 1159 738; x_wconf 80' lang='lat' dir='ltr'><strong>Tiberii</strong></span> <span class='ocrx_word' id='word_1_34' title='bbox 1181 676 1216 739; x_wconf 92' lang='lat' dir='ltr'><strong>in</strong></span> 
     </span>
     <span class='ocr_line' id='line_1_6' title="bbox 77 772 1213 857; baseline 0 -16"><span class='ocrx_word' id='word_1_35' title='bbox 77 775 221 857; x_wconf 81' lang='lat' dir='ltr'><strong>Capreas</strong></span> <span class='ocrx_word' id='word_1_36' title='bbox 245 775 387 838; x_wconf 80' lang='lat' dir='ltr'><strong>discessu</strong></span> <span class='ocrx_word' id='word_1_37' title='bbox 410 776 529 837; x_wconf 92' lang='lat' dir='ltr'><strong>omisso</strong></span> <span class='ocrx_word' id='word_1_38' title='bbox 553 793 682 837; x_wconf 88' lang='lat' dir='ltr'><strong>sensnm</strong></span> <span class='ocrx_word' id='word_1_39' title='bbox 699 775 851 850; x_wconf 88' lang='lat' dir='ltr'><strong>corrupit.</strong></span> <span class='ocrx_word' id='word_1_40' title='bbox 866 812 910 822; x_wconf 91' lang='lat'>-</span> <span class='ocrx_word' id='word_1_41' title='bbox 925 772 1083 841; x_wconf 76' lang='lat' dir='ltr'><strong>Similiter</strong></span> <span class='ocrx_word' id='word_1_42' title='bbox 1096 779 1131 840; x_wconf 93' lang='lat' dir='ltr'><strong>in</strong></span> <span class='ocrx_word' id='word_1_43' title='bbox 1144 779 1213 842; x_wconf 89' lang='lat' dir='ltr'><strong>vita</strong></span> 
     </span>
     <span class='ocr_line' id='line_1_7' title="bbox 74 870 1217 967; baseline -0.001 -22"><span class='ocrx_word' id='word_1_44' title='bbox 74 877 205 946; x_wconf 86' lang='lat' dir='ltr'><strong>Vitellii</strong></span> <span class='ocrx_word' id='word_1_45' title='bbox 226 870 425 959; x_wconf 70' lang='lat' dir='ltr'><strong>rem&#39;gessit.</strong></span> <span class='ocrx_word' id='word_1_46' title='bbox 469 875 524 941; x_wconf 91' lang='lat' dir='ltr'><strong>Ibi</strong></span> <span class='ocrx_word' id='word_1_47' title='bbox 556 876 641 940; x_wconf 90' lang='lat' dir='ltr'><strong>enim</strong></span> <span class='ocrx_word' id='word_1_48' title='bbox 663 877 782 943; x_wconf 80' lang='lat' dir='ltr'><strong>Victor</strong></span> <span class='ocrx_word' id='word_1_49' title='bbox 814 878 849 940; x_wconf 92' lang='lat' dir='ltr'><strong>in</strong></span> <span class='ocrx_word' id='word_1_50' title='bbox 880 879 970 942; x_wconf 89' lang='lat' dir='ltr'><strong>exitu</strong></span> <span class='ocrx_word' id='word_1_51' title='bbox 1003 880 1091 944; x_wconf 89' lang='lat' dir='ltr'><strong>vitae</strong></span> <span class='ocrx_word' id='word_1_52' title='bbox 1124 882 1217 967; x_wconf 87' lang='lat'><strong>(8,7)</strong></span> 
     </span>
     <span class='ocr_line' id='line_1_8' title="bbox 75 977 1218 1064; baseline 0.001 -20"><span class='ocrx_word' id='word_1_53' title='bbox 75 981 188 1064; x_wconf 89' lang='lat' dir='ltr'><strong>priora</strong></span> <span class='ocrx_word' id='word_1_54' title='bbox 209 979 386 1061; x_wconf 84' lang='lat' dir='ltr'><strong>respiciens</strong></span> <span class='ocrx_word' id='word_1_55' title='bbox 414 979 496 1043; x_wconf 89' lang='lat' dir='ltr'><strong>haec</strong></span> <span class='ocrx_word' id='word_1_56' title='bbox 528 977 640 1042; x_wconf 89' lang='lat' dir='ltr'><strong>addit:</strong></span> <span class='ocrx_word' id='word_1_57' title='bbox 666 979 733 1060; x_wconf 87' lang='lat' dir='ltr'><strong>„Hi</strong></span> <span class='ocrx_word' id='word_1_58' title='bbox 766 1001 885 1061; x_wconf 71' lang='lat' dir='ltr'><strong>omneS,</strong></span> <span class='ocrx_word' id='word_1_59' title='bbox 920 1002 1001 1062; x_wconf 92' lang='lat' dir='ltr'><strong>quos</strong></span> <span class='ocrx_word' id='word_1_60' title='bbox 1037 982 1218 1064; x_wconf 73' lang='lat' dir='ltr'><strong>paneis17)</strong></span> 
     </span>
     <span class='ocr_line' id='line_1_9' title="bbox 72 1079 1218 1167; baseline 0.002 -20"><span class='ocrx_word' id='word_1_61' title='bbox 72 1083 180 1165; x_wconf 86' lang='lat' dir='ltr'><strong>attigi,</strong></span> <span class='ocrx_word' id='word_1_62' title='bbox 202 1083 444 1166; x_wconf 88' lang='lat' dir='ltr'><strong>praecipueque</strong></span> <span class='ocrx_word' id='word_1_63' title='bbox 468 1079 644 1148; x_wconf 80' lang='lat' dir='ltr'><strong>Caesarum</strong></span> <span class='ocrx_word' id='word_1_64' title='bbox 667 1105 744 1167; x_wconf 88' lang='lat' dir='ltr'><strong>gens</strong></span> <span class='ocrx_word' id='word_1_65' title='bbox 767 1083 848 1147; x_wconf 89' lang='lat' dir='ltr'><strong>adeo</strong></span> <span class='ocrx_word' id='word_1_66' title='bbox 875 1084 993 1148; x_wconf 87' lang='lat' dir='ltr'><strong>litteris</strong></span> <span class='ocrx_word' id='word_1_67' title='bbox 1022 1085 1102 1149; x_wconf 89' lang='lat' dir='ltr'><strong>culti</strong></span> <span class='ocrx_word' id='word_1_68' title='bbox 1116 1090 1218 1166; x_wconf 89' lang='lat' dir='ltr'><strong>atque</strong></span> 
     </span>
     <span class='ocr_line' id='line_1_10' title="bbox 73 1183 1217 1268; baseline 0.003 -20"><span class='ocrx_word' id='word_1_69' title='bbox 73 1185 261 1267; x_wconf 86' lang='lat' dir='ltr'><strong>eloquentia</strong></span> <span class='ocrx_word' id='word_1_70' title='bbox 284 1183 384 1264; x_wconf 83' lang='lat' dir='ltr'><strong>fuere,</strong></span> <span class='ocrx_word' id='word_1_71' title='bbox 406 1189 444 1248; x_wconf 89' lang='lat' dir='ltr'><strong>ut</strong></span> <span class='ocrx_word' id='word_1_72' title='bbox 467 1186 501 1249; x_wconf 92' lang='lat' dir='ltr'><strong>ni</strong></span> <span class='ocrx_word' id='word_1_73' title='bbox 523 1189 647 1252; x_wconf 88' lang='lat' dir='ltr'><strong>cunetis</strong></span> <span class='ocrx_word' id='word_1_74' title='bbox 669 1187 759 1251; x_wconf 90' lang='lat' dir='ltr'><strong>vitiis</strong></span> <span class='ocrx_word' id='word_1_75' title='bbox 787 1186 909 1268; x_wconf 85' lang='lat' dir='ltr'><strong>absque</strong></span> <span class='ocrx_word' id='word_1_76' title='bbox 941 1186 1092 1268; x_wconf 87' lang='lat' dir='ltr'><strong>Augusto</strong></span> <span class='ocrx_word' id='word_1_77' title='bbox 1124 1188 1217 1251; x_wconf 91' lang='lat' dir='ltr'><strong>nimii</strong></span> 
     </span>
     <span class='ocr_line' id='line_1_11' title="bbox 72 1287 1216 1371; baseline 0.003 -19"><span class='ocrx_word' id='word_1_78' title='bbox 72 1288 191 1369; x_wconf 81' lang='lat' dir='ltr'><strong>forent,</strong></span> <span class='ocrx_word' id='word_1_79' title='bbox 214 1293 330 1353; x_wconf 88' lang='lat' dir='ltr'><strong>tantae</strong></span> <span class='ocrx_word' id='word_1_80' title='bbox 352 1294 440 1353; x_wconf 88' lang='lat' dir='ltr'><strong>artes</strong></span> <span class='ocrx_word' id='word_1_81' title='bbox 462 1289 609 1370; x_wconf 89' lang='lat' dir='ltr'><strong>profecto</strong></span> <span class='ocrx_word' id='word_1_82' title='bbox 625 1291 781 1354; x_wconf 84' lang='lat' dir='ltr'><strong>texissent</strong></span> <span class='ocrx_word' id='word_1_83' title='bbox 796 1289 923 1353; x_wconf 88' lang='lat' dir='ltr'><strong>modica</strong></span> <span class='ocrx_word' id='word_1_84' title='bbox 940 1287 1094 1371; x_wconf 78' lang='lat' dir='ltr'><strong>flagitia.“</strong></span> <span class='ocrx_word' id='word_1_85' title='bbox 1120 1287 1216 1371; x_wconf 82' lang='lat' dir='ltr'><strong>Quae</strong></span> 
     </span>
     <span class='ocr_line' id='line_1_12' title="bbox 73 1391 1214 1478; baseline 0.002 -23"><span class='ocrx_word' id='word_1_86' title='bbox 73 1391 193 1472; x_wconf 90' lang='lat' dir='ltr'><strong>omnia,</strong></span> <span class='ocrx_word' id='word_1_87' title='bbox 215 1411 290 1455; x_wconf 92' lang='lat' dir='ltr'><strong>cum</strong></span> <span class='ocrx_word' id='word_1_88' title='bbox 319 1393 473 1475; x_wconf 82' lang='lat' dir='ltr'><strong>Epitome</strong></span> <span class='ocrx_word' id='word_1_89' title='bbox 504 1414 544 1458; x_wconf 88' lang='lat' dir='ltr'><strong>ex</strong></span> <span class='ocrx_word' id='word_1_90' title='bbox 580 1395 710 1458; x_wconf 89' lang='lat' dir='ltr'><strong>Victore</strong></span> <span class='ocrx_word' id='word_1_91' title='bbox 749 1397 914 1474; x_wconf 89' lang='lat' dir='ltr'><strong>repeteret</strong></span> <span class='ocrx_word' id='word_1_92' title='bbox 953 1392 998 1478; x_wconf 87' lang='lat'><strong>(8,</strong></span> <span class='ocrx_word' id='word_1_93' title='bbox 1013 1392 1056 1477; x_wconf 88' lang='lat'><strong>6),</strong></span> <span class='ocrx_word' id='word_1_94' title='bbox 1095 1393 1214 1457; x_wconf 89' lang='lat' dir='ltr'><strong>verba:</strong></span> 
     </span>
     <span class='ocr_line' id='line_1_13' title="bbox 75 1493 1214 1578; baseline 0.004 -22"><span class='ocrx_word' id='word_1_95' title='bbox 75 1499 208 1574; x_wconf 87' lang='lat' dir='ltr'><strong>„tantae</strong></span> <span class='ocrx_word' id='word_1_96' title='bbox 231 1500 340 1558; x_wconf 86' lang='lat' dir='ltr'><strong>artes“</strong></span> <span class='ocrx_word' id='word_1_97' title='bbox 365 1496 483 1577; x_wconf 90' lang='lat' dir='ltr'><strong>omisit,</strong></span> <span class='ocrx_word' id='word_1_98' title='bbox 506 1518 570 1578; x_wconf 92' lang='lat' dir='ltr'><strong>quo</strong></span> <span class='ocrx_word' id='word_1_99' title='bbox 585 1497 623 1562; x_wconf 88' lang='lat' dir='ltr'><strong>fit</strong></span> <span class='ocrx_word' id='word_1_100' title='bbox 639 1503 677 1560; x_wconf 88' lang='lat' dir='ltr'><strong>ut</strong></span> <span class='ocrx_word' id='word_1_101' title='bbox 698 1497 779 1560; x_wconf 88' lang='lat' dir='ltr'><strong>haec</strong></span> <span class='ocrx_word' id='word_1_102' title='bbox 791 1494 832 1560; x_wconf 91' lang='lat' dir='ltr'><strong>ab</strong></span> <span class='ocrx_word' id='word_1_103' title='bbox 849 1493 1005 1572; x_wconf 71' lang='lat' dir='ltr'><strong>omnibus</strong></span> <span class='ocrx_word' id='word_1_104' title='bbox 1022 1495 1079 1577; x_wconf 90' lang='lat' dir='ltr'><strong>qui</strong></span> <span class='ocrx_word' id='word_1_105' title='bbox 1093 1495 1214 1578; x_wconf 88' lang='lat' dir='ltr'><strong>legunt,</strong></span> 
     </span>
     <span class='ocr_line' id='line_1_14' title="bbox 73 1595 1216 1680; baseline 0.001 -19"><span class='ocrx_word' id='word_1_106' title='bbox 73 1597 137 1662; x_wconf 92' lang='lat' dir='ltr'><strong>nisi</strong></span> <span class='ocrx_word' id='word_1_107' title='bbox 166 1596 251 1660; x_wconf 89' lang='lat' dir='ltr'><strong>forte</strong></span> <span class='ocrx_word' id='word_1_108' title='bbox 275 1595 455 1662; x_wconf 83' lang='lat' dir='ltr'><strong>Caesarum</strong></span> <span class='ocrx_word' id='word_1_109' title='bbox 476 1599 548 1664; x_wconf 85' lang='lat' dir='ltr'><strong>loco</strong></span> <span class='ocrx_word' id='word_1_110' title='bbox 571 1601 699 1665; x_wconf 92' lang='lat' dir='ltr'><strong>conlato</strong></span> <span class='ocrx_word' id='word_1_111' title='bbox 721 1604 812 1663; x_wconf 92' lang='lat' dir='ltr'><strong>recte</strong></span> <span class='ocrx_word' id='word_1_112' title='bbox 833 1598 980 1680; x_wconf 88' lang='lat' dir='ltr'><strong>intellegi</strong></span> <span class='ocrx_word' id='word_1_113' title='bbox 1002 1618 1067 1661; x_wconf 92' lang='lat' dir='ltr'><strong>non</strong></span> <span class='ocrx_word' id='word_1_114' title='bbox 1081 1599 1216 1680; x_wconf 79' lang='lat' dir='ltr'><strong>possint,</strong></span> 
     </span>
     <span class='ocr_line' id='line_1_15' title="bbox 77 1697 1214 1785; baseline 0.002 -23"><span class='ocrx_word' id='word_1_115' title='bbox 77 1737 121 1748; x_wconf 94' lang='lat'><em>-</em></span> <span class='ocrx_word' id='word_1_116' title='bbox 143 1698 185 1763; x_wconf 87' lang='lat' dir='ltr'><strong>Iu</strong></span> <span class='ocrx_word' id='word_1_117' title='bbox 209 1697 342 1764; x_wconf 88' lang='lat' dir='ltr'><strong>Claudii</strong></span> <span class='ocrx_word' id='word_1_118' title='bbox 365 1702 504 1785; x_wconf 90' lang='lat' dir='ltr'><strong>denique</strong></span> <span class='ocrx_word' id='word_1_119' title='bbox 526 1704 595 1768; x_wconf 88' lang='lat' dir='ltr'><strong>vita</strong></span> <span class='ocrx_word' id='word_1_120' title='bbox 617 1703 661 1768; x_wconf 91' lang='lat' dir='ltr'><strong>ad</strong></span> <span class='ocrx_word' id='word_1_121' title='bbox 681 1702 794 1767; x_wconf 89' lang='lat' dir='ltr'><strong>verba:</strong></span> <span class='ocrx_word' id='word_1_122' title='bbox 822 1708 880 1781; x_wconf 92' lang='lat' dir='ltr'><strong>„ut</strong></span> <span class='ocrx_word' id='word_1_123' title='bbox 902 1700 1007 1782; x_wconf 89' lang='lat' dir='ltr'><strong>magis</strong></span> <span class='ocrx_word' id='word_1_124' title='bbox 1030 1701 1214 1766; x_wconf 86' lang='lat' dir='ltr'><strong>videretur“</strong></span> 
     </span>
     <span class='ocr_line' id='line_1_16' title="bbox 74 1803 1217 1888; baseline 0.001 -21"><span class='ocrx_word' id='word_1_125' title='bbox 74 1803 185 1888; x_wconf 80' lang='lat' dir='ltr'><strong>(Epit.</strong></span> <span class='ocrx_word' id='word_1_126' title='bbox 208 1804 277 1884; x_wconf 83' lang='lat'><strong>4,5)</strong></span> <span class='ocrx_word' id='word_1_127' title='bbox 299 1804 366 1868; x_wconf 90' lang='lat' dir='ltr'><strong>iam</strong></span> <span class='ocrx_word' id='word_1_128' title='bbox 388 1804 488 1869; x_wconf 88' lang='lat' dir='ltr'><strong>Anna</strong></span> <span class='ocrx_word' id='word_1_129' title='bbox 509 1805 611 1871; x_wconf 79' lang='lat' dir='ltr'><strong>Fabri</strong></span> <span class='ocrx_word' id='word_1_130' title='bbox 633 1826 692 1870; x_wconf 90' lang='lat' dir='ltr'><strong>sno</strong></span> <span class='ocrx_word' id='word_1_131' title='bbox 714 1806 784 1869; x_wconf 88' lang='lat' dir='ltr'><strong>iure</strong></span> <span class='ocrx_word' id='word_1_132' title='bbox 800 1805 988 1868; x_wconf 87' lang='lat' dir='ltr'><strong>adnotavit:</strong></span> <span class='ocrx_word' id='word_1_133' title='bbox 1014 1803 1107 1883; x_wconf 90' lang='lat' dir='ltr'><strong>„hinc</strong></span> <span class='ocrx_word' id='word_1_134' title='bbox 1123 1809 1217 1868; x_wconf 86' lang='lat' dir='ltr'><strong>certe</strong></span> 
     </span>
     <span class='ocr_line' id='line_1_17' title="bbox 77 1905 1214 1992; baseline 0.001 -22"><span class='ocrx_word' id='word_1_135' title='bbox 77 1905 205 1988; x_wconf 90' lang='lat' dir='ltr'><strong>aliquid</strong></span> <span class='ocrx_word' id='word_1_136' title='bbox 227 1907 358 1989; x_wconf 85' lang='lat' dir='ltr'><strong>excidit,</strong></span> <span class='ocrx_word' id='word_1_137' title='bbox 380 1909 454 1973; x_wconf 89' lang='lat' dir='ltr'><strong>vide</strong></span> <span class='ocrx_word' id='word_1_138' title='bbox 477 1929 575 1992; x_wconf 91' lang='lat' dir='ltr'><strong>supra</strong></span> <span class='ocrx_word' id='word_1_139' title='bbox 596 1909 630 1972; x_wconf 92' lang='lat' dir='ltr'><strong>in</strong></span> <span class='ocrx_word' id='word_1_140' title='bbox 654 1906 849 1972; x_wconf 88' lang='lat' dir='ltr'><strong>Caesaribus</strong></span> <span class='ocrx_word' id='word_1_141' title='bbox 873 1905 981 1992; x_wconf 89' lang='lat' dir='ltr'><strong>(Caes.</strong></span> <span class='ocrx_word' id='word_1_142' title='bbox 1006 1909 1104 1988; x_wconf 85' lang='lat'><strong>4,11),</strong></span> <span class='ocrx_word' id='word_1_143' title='bbox 1127 1905 1214 1971; x_wconf 91' lang='lat' dir='ltr'><strong>unde</strong></span> 
     </span>
     <span class='ocr_line' id='line_1_18' title="bbox 77 2009 396 2091; baseline 0.003 -18"><span class='ocrx_word' id='word_1_144' title='bbox 77 2009 175 2074; x_wconf 88' lang='lat' dir='ltr'><strong>facile</strong></span> <span class='ocrx_word' id='word_1_145' title='bbox 200 2009 396 2091; x_wconf 84' lang='lat' dir='ltr'><strong>supplebis.“</strong></span> 
     </span>
    </p>

    <p class='ocr_par' dir='ltr' id='par_1_3' title="bbox 78 2111 1221 3416">
     <span class='ocr_line' id='line_1_19' title="bbox 186 2111 1220 2197; baseline 0 -20"><span class='ocrx_word' id='word_1_146' title='bbox 186 2111 251 2177; x_wconf 77' lang='lat' dir='ltr'><strong>Sed</strong></span> <span class='ocrx_word' id='word_1_147' title='bbox 275 2111 353 2193; x_wconf 89' lang='lat' dir='ltr'><strong>quid</strong></span> <span class='ocrx_word' id='word_1_148' title='bbox 372 2113 471 2197; x_wconf 92' lang='lat' dir='ltr'><strong>plura</strong></span> <span class='ocrx_word' id='word_1_149' title='bbox 493 2113 626 2179; x_wconf 67' lang='lat' dir='ltr'><strong>dicam?</strong></span> <span class='ocrx_word' id='word_1_150' title='bbox 659 2113 740 2177; x_wconf 88' lang='lat' dir='ltr'><strong>satis</strong></span> <span class='ocrx_word' id='word_1_151' title='bbox 761 2112 826 2176; x_wconf 90' lang='lat' dir='ltr'><strong>iam</strong></span> <span class='ocrx_word' id='word_1_152' title='bbox 854 2112 1040 2194; x_wconf 86' lang='lat' dir='ltr'><strong>exposuisse</strong></span> <span class='ocrx_word' id='word_1_153' title='bbox 1069 2112 1150 2176; x_wconf 92' lang='lat' dir='ltr'><strong>mihi</strong></span> <span class='ocrx_word' id='word_1_154' title='bbox 1173 2112 1220 2177; x_wconf 90' lang='lat' dir='ltr'><strong>vi-</strong></span> 
     </span>
     <span class='ocr_line' id='line_1_20' title="bbox 82 2213 1219 2299; baseline 0.002 -22"><span class='ocrx_word' id='word_1_155' title='bbox 82 2213 171 2295; x_wconf 91' lang='lat' dir='ltr'><strong>deor,</strong></span> <span class='ocrx_word' id='word_1_156' title='bbox 194 2214 373 2296; x_wconf 83' lang='lat' dir='ltr'><strong>Epitomen</strong></span> <span class='ocrx_word' id='word_1_157' title='bbox 396 2216 560 2299; x_wconf 88' lang='lat' dir='ltr'><strong>exemplar</strong></span> <span class='ocrx_word' id='word_1_158' title='bbox 581 2216 738 2281; x_wconf 88' lang='lat' dir='ltr'><strong>librorum</strong></span> <span class='ocrx_word' id='word_1_159' title='bbox 769 2221 994 2298; x_wconf 86' lang='lat' dir='ltr'><strong>excerptorum</strong></span> <span class='ocrx_word' id='word_1_160' title='bbox 1022 2216 1116 2298; x_wconf 91' lang='lat' dir='ltr'><strong>quasi</strong></span> <span class='ocrx_word' id='word_1_161' title='bbox 1146 2215 1219 2297; x_wconf 86' lang='lat' dir='ltr'><strong>lege</strong></span> 
     </span>
     <span class='ocr_line' id='line_1_21' title="bbox 78 2315 1219 2402; baseline 0.001 -22"><span class='ocrx_word' id='word_1_162' title='bbox 78 2317 222 2398; x_wconf 90' lang='lat' dir='ltr'><strong>quadam</strong></span> <span class='ocrx_word' id='word_1_163' title='bbox 243 2317 324 2382; x_wconf 90' lang='lat' dir='ltr'><strong>haee</strong></span> <span class='ocrx_word' id='word_1_164' title='bbox 345 2318 403 2382; x_wconf 90' lang='lat' dir='ltr'><strong>illa</strong></span> <span class='ocrx_word' id='word_1_165' title='bbox 423 2320 717 2402; x_wconf 88' lang='lat' dir='ltr'><strong>praetermittendo</strong></span> <span class='ocrx_word' id='word_1_166' title='bbox 740 2339 869 2384; x_wconf 84' lang='lat' dir='ltr'><strong>sensum</strong></span> <span class='ocrx_word' id='word_1_167' title='bbox 891 2318 1088 2387; x_wconf 84' lang='lat' dir='ltr'><strong>immutasse.</strong></span> <span class='ocrx_word' id='word_1_168' title='bbox 1133 2315 1219 2382; x_wconf 89' lang='lat' dir='ltr'><strong>Cum</strong></span> 
     </span>
     <span class='ocr_line' id='line_1_22' title="bbox 78 2420 1219 2506; baseline 0.003 -23"><span class='ocrx_word' id='word_1_169' title='bbox 78 2440 157 2484; x_wconf 90' lang='lat' dir='ltr'><strong>vero</strong></span> <span class='ocrx_word' id='word_1_170' title='bbox 178 2420 296 2485; x_wconf 81' lang='lat' dir='ltr'><strong>hocin</strong></span> <span class='ocrx_word' id='word_1_171' title='bbox 318 2441 429 2486; x_wconf 90' lang='lat' dir='ltr'><strong>omnes</strong></span> <span class='ocrx_word' id='word_1_172' title='bbox 452 2422 550 2488; x_wconf 90' lang='lat' dir='ltr'><strong>cadat</strong></span> <span class='ocrx_word' id='word_1_173' title='bbox 572 2421 757 2506; x_wconf 85' lang='lat' dir='ltr'><strong>scriptores,</strong></span> <span class='ocrx_word' id='word_1_174' title='bbox 781 2422 864 2486; x_wconf 89' lang='lat' dir='ltr'><strong>tales</strong></span> <span class='ocrx_word' id='word_1_175' title='bbox 886 2421 959 2501; x_wconf 89' lang='lat' dir='ltr'><strong>loci,</strong></span> <span class='ocrx_word' id='word_1_176' title='bbox 981 2421 1038 2485; x_wconf 90' lang='lat' dir='ltr'><strong>ubi</strong></span> <span class='ocrx_word' id='word_1_177' title='bbox 1060 2421 1219 2486; x_wconf 85' lang='lat' dir='ltr'><strong>excidisse</strong></span> 
     </span>
     <span class='ocr_line' id='line_1_23' title="bbox 78 2522 1215 2607; baseline 0 -20"><span class='ocrx_word' id='word_1_178' title='bbox 78 2522 206 2607; x_wconf 90' lang='lat' dir='ltr'><strong>aliquid</strong></span> <span class='ocrx_word' id='word_1_179' title='bbox 227 2523 388 2606; x_wconf 89' lang='lat' dir='ltr'><strong>videatur,</strong></span> <span class='ocrx_word' id='word_1_180' title='bbox 412 2524 439 2589; x_wconf 89' lang='lat' dir='ltr'><strong>si</strong></span> <span class='ocrx_word' id='word_1_181' title='bbox 461 2524 676 2607; x_wconf 89' lang='lat' dir='ltr'><strong>inveniuntur,</strong></span> <span class='ocrx_word' id='word_1_182' title='bbox 699 2527 818 2591; x_wconf 90' lang='lat' dir='ltr'><strong>librum</strong></span> <span class='ocrx_word' id='word_1_183' title='bbox 841 2529 1029 2606; x_wconf 89' lang='lat' dir='ltr'><strong>excerptum</strong></span> <span class='ocrx_word' id='word_1_184' title='bbox 1051 2528 1215 2606; x_wconf 89' lang='lat' dir='ltr'><strong>accusant,</strong></span> 
     </span>
     <span class='ocr_line' id='line_1_24' title="bbox 79 2626 1214 2708; baseline -0.001 -16"><span class='ocrx_word' id='word_1_185' title='bbox 79 2629 109 2692; x_wconf 89' lang='lat' dir='ltr'><strong>si</strong></span> <span class='ocrx_word' id='word_1_186' title='bbox 131 2626 367 2708; x_wconf 89' lang='lat' dir='ltr'><strong>desiderantur,</strong></span> <span class='ocrx_word' id='word_1_187' title='bbox 391 2629 525 2692; x_wconf 91' lang='lat' dir='ltr'><strong>crimine</strong></span> <span class='ocrx_word' id='word_1_188' title='bbox 546 2629 698 2696; x_wconf 84' lang='lat' dir='ltr'><strong>liberant.</strong></span> <span class='ocrx_word' id='word_1_189' title='bbox 743 2627 841 2692; x_wconf 77' lang='lat' dir='ltr'><strong>Tales</strong></span> <span class='ocrx_word' id='word_1_190' title='bbox 864 2632 974 2691; x_wconf 89' lang='lat' dir='ltr'><strong>autem</strong></span> <span class='ocrx_word' id='word_1_191' title='bbox 997 2627 1085 2690; x_wconf 89' lang='lat' dir='ltr'><strong>locos</strong></span> <span class='ocrx_word' id='word_1_192' title='bbox 1107 2627 1214 2691; x_wconf 90' lang='lat' dir='ltr'><strong>nullos</strong></span> 
     </span>
     <span class='ocr_line' id='line_1_25' title="bbox 79 2728 1220 2813; baseline 0 -19"><span class='ocrx_word' id='word_1_193' title='bbox 79 2751 188 2813; x_wconf 89' lang='lat' dir='ltr'><strong>neque</strong></span> <span class='ocrx_word' id='word_1_194' title='bbox 212 2728 361 2813; x_wconf 88' lang='lat' dir='ltr'><strong>Opitzius</strong></span> <span class='ocrx_word' id='word_1_195' title='bbox 393 2751 499 2813; x_wconf 87' lang='lat' dir='ltr'><strong>neque</strong></span> <span class='ocrx_word' id='word_1_196' title='bbox 531 2731 740 2796; x_wconf 87' lang='lat' dir='ltr'><strong>Woelfflinus</strong></span> <span class='ocrx_word' id='word_1_197' title='bbox 771 2732 970 2798; x_wconf 88' lang='lat' dir='ltr'><strong>invenerunt.</strong></span> <span class='ocrx_word' id='word_1_198' title='bbox 1015 2729 1104 2794; x_wconf 89' lang='lat' dir='ltr'><strong>Nam</strong></span> <span class='ocrx_word' id='word_1_199' title='bbox 1131 2728 1220 2811; x_wconf 89' lang='lat' dir='ltr'><strong>quod</strong></span> 
     </span>
     <span class='ocr_line' id='line_1_26' title="bbox 81 2831 1219 2917; baseline -0.002 -19"><span class='ocrx_word' id='word_1_200' title='bbox 81 2831 234 2916; x_wconf 89' lang='lat' dir='ltr'><strong>Opitzius</strong></span> <span class='ocrx_word' id='word_1_201' title='bbox 256 2832 403 2901; x_wconf 86' lang='lat' dir='ltr'><strong>Victoris</strong></span> <span class='ocrx_word' id='word_1_202' title='bbox 425 2833 533 2916; x_wconf 86' lang='lat' dir='ltr'><strong>verba,</strong></span> <span class='ocrx_word' id='word_1_203' title='bbox 557 2856 640 2917; x_wconf 88' lang='lat' dir='ltr'><strong>quae</strong></span> <span class='ocrx_word' id='word_1_204' title='bbox 662 2837 697 2899; x_wconf 93' lang='lat' dir='ltr'><strong>in</strong></span> <span class='ocrx_word' id='word_1_205' title='bbox 720 2833 860 2900; x_wconf 90' lang='lat' dir='ltr'><strong>Othonis</strong></span> <span class='ocrx_word' id='word_1_206' title='bbox 882 2833 950 2896; x_wconf 91' lang='lat' dir='ltr'><strong>vita</strong></span> <span class='ocrx_word' id='word_1_207' title='bbox 971 2832 1219 2915; x_wconf 88' lang='lat' dir='ltr'><strong>scriptalegun·</strong></span> 
     </span>
     <span class='ocr_line' id='line_1_27' title="bbox 81 2935 1220 3021; baseline -0.002 -19"><span class='ocrx_word' id='word_1_208' title='bbox 81 2943 140 3002; x_wconf 87' lang='lat' dir='ltr'><strong>tur</strong></span> <span class='ocrx_word' id='word_1_209' title='bbox 160 2935 268 3021; x_wconf 87' lang='lat' dir='ltr'><strong>(Caes.</strong></span> <span class='ocrx_word' id='word_1_210' title='bbox 294 2942 364 3017; x_wconf 84' lang='lat'><strong>7,2:</strong></span> <span class='ocrx_word' id='word_1_211' title='bbox 386 2938 605 3020; x_wconf 86' lang='lat' dir='ltr'><strong>praecognitis</strong></span> <span class='ocrx_word' id='word_1_212' title='bbox 627 2937 784 3019; x_wconf 87' lang='lat' dir='ltr'><strong>moribus)</strong></span> <span class='ocrx_word' id='word_1_213' title='bbox 806 2937 868 3000; x_wconf 89' lang='lat' dir='ltr'><strong>nisi</strong></span> <span class='ocrx_word' id='word_1_214' title='bbox 889 2936 938 2999; x_wconf 92' lang='lat' dir='ltr'><strong>ita</strong></span> <span class='ocrx_word' id='word_1_215' title='bbox 959 2935 1107 3018; x_wconf 87' lang='lat' dir='ltr'><strong>intellegi</strong></span> <span class='ocrx_word' id='word_1_216' title='bbox 1121 2955 1220 3018; x_wconf 86' lang='lat' dir='ltr'><strong>posse</strong></span> 
     </span>
     <span class='ocr_line' id='line_1_28' title="bbox 83 3039 1220 3123; baseline -0.004 -18"><span class='ocrx_word' id='word_1_217' title='bbox 83 3045 192 3123; x_wconf 85' lang='lat' dir='ltr'><strong>negat,</strong></span> <span class='ocrx_word' id='word_1_218' title='bbox 215 3045 253 3104; x_wconf 90' lang='lat' dir='ltr'><strong>ut</strong></span> <span class='ocrx_word' id='word_1_219' title='bbox 275 3039 436 3122; x_wconf 89' lang='lat' dir='ltr'><strong>quaedam</strong></span> <span class='ocrx_word' id='word_1_220' title='bbox 458 3044 557 3103; x_wconf 89' lang='lat' dir='ltr'><strong>antea</strong></span> <span class='ocrx_word' id='word_1_221' title='bbox 580 3040 738 3104; x_wconf 87' lang='lat' dir='ltr'><strong>excidisse</strong></span> <span class='ocrx_word' id='word_1_222' title='bbox 760 3039 952 3105; x_wconf 83' lang='lat' dir='ltr'><strong>breviatoris</strong></span> <span class='ocrx_word' id='word_1_223' title='bbox 981 3039 1060 3102; x_wconf 92' lang='lat' dir='ltr'><strong>vitio</strong></span> <span class='ocrx_word' id='word_1_224' title='bbox 1092 3042 1220 3101; x_wconf 90' lang='lat' dir='ltr'><strong>statua·</strong></span> 
     </span>
     <span class='ocr_line' id='line_1_29' title="bbox 78 3139 1221 3226; baseline -0.003 -18"><span class='ocrx_word' id='word_1_225' title='bbox 78 3165 164 3224; x_wconf 82' lang='lat' dir='ltr'><strong>rnna,</strong></span> <span class='ocrx_word' id='word_1_226' title='bbox 188 3141 306 3226; x_wconf 89' lang='lat' dir='ltr'><strong>quibus</strong></span> <span class='ocrx_word' id='word_1_227' title='bbox 327 3142 460 3206; x_wconf 89' lang='lat' dir='ltr'><strong>uberius</strong></span> <span class='ocrx_word' id='word_1_228' title='bbox 482 3142 566 3208; x_wconf 89' lang='lat' dir='ltr'><strong>hane</strong></span> <span class='ocrx_word' id='word_1_229' title='bbox 587 3165 656 3208; x_wconf 91' lang='lat' dir='ltr'><strong>rem</strong></span> <span class='ocrx_word' id='word_1_230' title='bbox 678 3144 818 3226; x_wconf 89' lang='lat' dir='ltr'><strong>scriptor</strong></span> <span class='ocrx_word' id='word_1_231' title='bbox 838 3141 1041 3221; x_wconf 86' lang='lat' dir='ltr'><strong>tractaverit,</strong></span> <span class='ocrx_word' id='word_1_232' title='bbox 1056 3161 1120 3204; x_wconf 91' lang='lat' dir='ltr'><strong>non</strong></span> <span class='ocrx_word' id='word_1_233' title='bbox 1135 3139 1221 3204; x_wconf 91' lang='lat' dir='ltr'><strong>vidit</strong></span> 
     </span>
     <span class='ocr_line' id='line_1_30' title="bbox 81 3242 1218 3329; baseline -0.005 -17"><span class='ocrx_word' id='word_1_234' title='bbox 81 3245 249 3312; x_wconf 88' lang='lat' dir='ltr'><strong>Othonem</strong></span> <span class='ocrx_word' id='word_1_235' title='bbox 270 3244 381 3327; x_wconf 88' lang='lat' dir='ltr'><strong>paullo</strong></span> <span class='ocrx_word' id='word_1_236' title='bbox 403 3250 480 3309; x_wconf 88' lang='lat' dir='ltr'><strong>ante</strong></span> <span class='ocrx_word' id='word_1_237' title='bbox 502 3248 586 3329; x_wconf 89' lang='grc'>(7,1)</span> <span class='ocrx_word' id='word_1_238' title='bbox 611 3246 756 3328; x_wconf 89' lang='lat' dir='ltr'><strong>„Neroni</strong></span> <span class='ocrx_word' id='word_1_239' title='bbox 779 3266 908 3329; x_wconf 91' lang='lat' dir='ltr'><strong>quoque</strong></span> <span class='ocrx_word' id='word_1_240' title='bbox 931 3242 1094 3327; x_wconf 91' lang='lat' dir='ltr'><strong>quondam</strong></span> <span class='ocrx_word' id='word_1_241' title='bbox 1111 3242 1218 3307; x_wconf 87' lang='lat' dir='ltr'><strong>crimi-</strong></span> 
     </span>
     <span class='ocr_line' id='line_1_31' title="bbox 78 3348 587 3416; baseline -0.004 -2"><span class='ocrx_word' id='word_1_242' title='bbox 78 3369 159 3414; x_wconf 87' lang='lat' dir='ltr'><strong>nose</strong></span> <span class='ocrx_word' id='word_1_243' title='bbox 181 3348 374 3412; x_wconf 84' lang='lat' dir='ltr'><strong>familiarem</strong></span> <span class='ocrx_word' id='word_1_244' title='bbox 395 3348 587 3416; x_wconf 86' lang='lat' dir='ltr'><strong>nominari.“</strong></span> 
     </span>
    </p>
   </div>
   <div class='ocr_carea' id='block_1_3' title="bbox 75 3482 1219 4145">
    <p class='ocr_par' dir='ltr' id='par_1_4' title="bbox 75 3482 1219 3990">
     <span class='ocr_line' id='line_1_32' title="bbox 167 3482 1217 3554; baseline -0.003 -15"><span class='ocrx_word' id='word_1_245' title='bbox 167 3485 298 3539; x_wconf 85' lang='lat' dir='ltr'><strong>Ceterum</strong></span> <span class='ocrx_word' id='word_1_246' title='bbox 309 3484 395 3538; x_wconf 87' lang='lat' dir='ltr'><strong>etiarn</strong></span> <span class='ocrx_word' id='word_1_247' title='bbox 408 3485 438 3538; x_wconf 92' lang='lat' dir='ltr'><strong>in</strong></span> <span class='ocrx_word' id='word_1_248' title='bbox 452 3485 644 3554; x_wconf 87' lang='lat' dir='ltr'><strong>manuscripto</strong></span> <span class='ocrx_word' id='word_1_249' title='bbox 654 3485 811 3540; x_wconf 85' lang='lat' dir='ltr'><strong>Bodleiano</strong></span> <span class='ocrx_word' id='word_1_250' title='bbox 829 3483 929 3538; x_wconf 88' lang='lat' dir='ltr'><strong>eadem</strong></span> <span class='ocrx_word' id='word_1_251' title='bbox 950 3482 1097 3552; x_wconf 86' lang='lat' dir='ltr'><strong>inscriptio</strong></span> <span class='ocrx_word' id='word_1_252' title='bbox 1109 3482 1217 3552; x_wconf 85' lang='lat' dir='ltr'><strong>legitur</strong></span> 
     </span>
     <span class='ocr_line' id='line_1_33' title="bbox 76 3568 1217 3640; baseline -0.005 -14"><span class='ocrx_word' id='word_1_253' title='bbox 76 3574 166 3640; x_wconf 80' lang='lat' dir='ltr'><strong>atque</strong></span> <span class='ocrx_word' id='word_1_254' title='bbox 184 3572 215 3625; x_wconf 90' lang='lat' dir='ltr'><strong>in</strong></span> <span class='ocrx_word' id='word_1_255' title='bbox 227 3569 414 3637; x_wconf 85' lang='lat' dir='ltr'><strong>Bruxellensi,</strong></span> <span class='ocrx_word' id='word_1_256' title='bbox 432 3570 521 3639; x_wconf 88' lang='lat' dir='ltr'><strong>etqui</strong></span> <span class='ocrx_word' id='word_1_257' title='bbox 539 3571 626 3624; x_wconf 87' lang='lat' dir='ltr'><strong>verba</strong></span> <span class='ocrx_word' id='word_1_258' title='bbox 637 3588 710 3640; x_wconf 87' lang='lat' dir='ltr'><strong>quae</strong></span> <span class='ocrx_word' id='word_1_259' title='bbox 722 3572 753 3625; x_wconf 90' lang='lat' dir='ltr'><strong>in</strong></span> <span class='ocrx_word' id='word_1_260' title='bbox 763 3571 857 3625; x_wconf 84' lang='lat' dir='ltr'><strong>fronte</strong></span> <span class='ocrx_word' id='word_1_261' title='bbox 874 3569 942 3624; x_wconf 91' lang='lat' dir='ltr'><strong>libri</strong></span> <span class='ocrx_word' id='word_1_262' title='bbox 959 3573 1066 3637; x_wconf 84' lang='lat' dir='ltr'><strong>extant,</strong></span> <span class='ocrx_word' id='word_1_263' title='bbox 1096 3568 1217 3636; x_wconf 83' lang='lat' dir='ltr'><strong>scripsit,</strong></span> 
     </span>
     <span class='ocr_line' id='line_1_34' title="bbox 79 3655 1215 3726; baseline -0.005 -14"><span class='ocrx_word' id='word_1_264' title='bbox 79 3664 160 3712; x_wconf 83' lang='lat' dir='ltr'><strong>certe</strong></span> <span class='ocrx_word' id='word_1_265' title='bbox 178 3673 239 3712; x_wconf 85' lang='lat' dir='ltr'><strong>cum</strong></span> <span class='ocrx_word' id='word_1_266' title='bbox 257 3657 368 3726; x_wconf 82' lang='lat' dir='ltr'><strong>Opitzio</strong></span> <span class='ocrx_word' id='word_1_267' title='bbox 387 3655 553 3710; x_wconf 84' lang='lat' dir='ltr'><strong>abbreviare</strong></span> <span class='ocrx_word' id='word_1_268' title='bbox 572 3661 602 3710; x_wconf 89' lang='lat' dir='ltr'><strong>et</strong></span> <span class='ocrx_word' id='word_1_269' title='bbox 619 3673 771 3726; x_wconf 82' lang='lat' dir='ltr'><strong>excerpere</strong></span> <span class='ocrx_word' id='word_1_270' title='bbox 789 3657 867 3711; x_wconf 90' lang='lat' dir='ltr'><strong>idem</strong></span> <span class='ocrx_word' id='word_1_271' title='bbox 884 3656 939 3710; x_wconf 84' lang='lat' dir='ltr'><strong>sibi</strong></span> <span class='ocrx_word' id='word_1_272' title='bbox 956 3656 1031 3710; x_wconf 89' lang='lat' dir='ltr'><strong>velle</strong></span> <span class='ocrx_word' id='word_1_273' title='bbox 1049 3670 1215 3724; x_wconf 83' lang='lat' dir='ltr'><strong>persuasum</strong></span> 
     </span>
     <span class='ocr_line' id='line_1_35' title="bbox 77 3740 1219 3812; baseline -0.003 -15"><span class='ocrx_word' id='word_1_274' title='bbox 77 3743 214 3799; x_wconf 76' lang='lat' dir='ltr'><strong>habebat</strong></span> <span class='ocrx_word' id='word_1_275' title='bbox 237 3741 311 3797; x_wconf 85' lang='lat' dir='ltr'><strong>Nam</strong></span> <span class='ocrx_word' id='word_1_276' title='bbox 325 3760 388 3797; x_wconf 90' lang='lat' dir='ltr'><strong>cum</strong></span> <span class='ocrx_word' id='word_1_277' title='bbox 400 3743 430 3796; x_wconf 91' lang='lat' dir='ltr'><strong>in</strong></span> <span class='ocrx_word' id='word_1_278' title='bbox 442 3741 547 3812; x_wconf 85' lang='lat' dir='ltr'><strong>pagina</strong></span> <span class='ocrx_word' id='word_1_279' title='bbox 560 3741 674 3796; x_wconf 80' lang='lat' dir='ltr'><strong>sinistra</strong></span> <span class='ocrx_word' id='word_1_280' title='bbox 685 3743 813 3812; x_wconf 84' lang='lat' dir='ltr'><strong>legatur:</strong></span> <span class='ocrx_word' id='word_1_281' title='bbox 824 3743 937 3797; x_wconf 80' lang='lat' dir='ltr'><strong>Aurelii</strong></span> <span class='ocrx_word' id='word_1_282' title='bbox 946 3741 1071 3796; x_wconf 83' lang='lat' dir='ltr'><strong>Victoris</strong></span> <span class='ocrx_word' id='word_1_283' title='bbox 1083 3740 1219 3794; x_wconf 81' lang='lat' dir='ltr'><strong>historiae</strong></span> 
     </span>
     <span class='ocr_line' id='line_1_36' title="bbox 76 3824 1219 3900; baseline -0.01 -13"><span class='ocrx_word' id='word_1_284' title='bbox 76 3829 250 3894; x_wconf 84' lang='lat' dir='ltr'><strong>abreviatae,</strong></span> <span class='ocrx_word' id='word_1_285' title='bbox 266 3829 361 3884; x_wconf 89' lang='lat' dir='ltr'><strong>nescio</strong></span> <span class='ocrx_word' id='word_1_286' title='bbox 380 3828 489 3898; x_wconf 76' lang='lat' dir='ltr'><strong>quirin</strong></span> <span class='ocrx_word' id='word_1_287' title='bbox 507 3828 608 3883; x_wconf 86' lang='lat' dir='ltr'><strong>dextra</strong></span> <span class='ocrx_word' id='word_1_288' title='bbox 624 3830 730 3899; x_wconf 81' lang='lat' dir='ltr'><strong>pagina</strong></span> <span class='ocrx_word' id='word_1_289' title='bbox 747 3845 849 3900; x_wconf 86' lang='lat' dir='ltr'><strong>graece</strong></span> <span class='ocrx_word' id='word_1_290' title='bbox 866 3829 964 3883; x_wconf 82' lang='lat' dir='ltr'><strong>vertit:</strong></span> <span class='ocrx_word' id='word_1_291' title='bbox 991 3824 1126 3896; x_wconf 75' lang='grc' dir='ltr'><strong>Αὐρηλίου</strong></span> <span class='ocrx_word' id='word_1_292' title='bbox 1152 3827 1219 3878; x_wconf 75' lang='lat' dir='ltr'><strong>Bia·</strong></span> 
     </span>
     <span class='ocr_line' id='line_1_37' title="bbox 75 3913 581 3990; baseline -0.008 -20"><span class='ocrx_word' id='word_1_293' title='bbox 75 3935 167 3990; x_wconf 73' lang='grc' dir='ltr'><strong><em>τωρος</em></strong></span> <span class='ocrx_word' id='word_1_294' title='bbox 188 3917 306 3985; x_wconf 73' lang='grc' dir='ltr'><strong><em>ἱστορίαι</em></strong></span> <span class='ocrx_word' id='word_1_295' title='bbox 323 3927 382 3966; x_wconf 79' lang='grc' dir='ltr'><strong>κατ</strong></span> <span class='ocrx_word' id='word_1_296' title='bbox 395 3913 581 3981; x_wconf 65' lang='lat' dir='ltr'><strong>’incaeperim</strong></span> 
     </span>
    </p>

    <p class='ocr_par' dir='ltr' id='par_1_5' title="bbox 76 3997 1217 4145">
     <span class='ocr_line' id='line_1_38' title="bbox 150 3997 1217 4074; baseline -0.004 -19"><span class='ocrx_word' id='word_1_297' title='bbox 150 4002 196 4074; x_wconf 72' lang='grc' dir='ltr'><strong>Π)</strong></span> <span class='ocrx_word' id='word_1_298' title='bbox 214 4002 268 4055; x_wconf 86' lang='lat' dir='ltr'><strong>hoc</strong></span> <span class='ocrx_word' id='word_1_299' title='bbox 286 4017 398 4072; x_wconf 88' lang='lat' dir='ltr'><strong>qnoque</strong></span> <span class='ocrx_word' id='word_1_300' title='bbox 416 4001 492 4057; x_wconf 82' lang='lat' dir='ltr'><strong>lavet</strong></span> <span class='ocrx_word' id='word_1_301' title='bbox 508 4001 551 4054; x_wconf 90' lang='lat' dir='ltr'><strong>illi</strong></span> <span class='ocrx_word' id='word_1_302' title='bbox 563 4001 730 4070; x_wconf 81' lang='lat' dir='ltr'><strong>sententiae,</strong></span> <span class='ocrx_word' id='word_1_303' title='bbox 748 3999 909 4056; x_wconf 87' lang='lat' dir='ltr'><strong>uberiorem</strong></span> <span class='ocrx_word' id='word_1_304' title='bbox 926 4017 984 4054; x_wconf 86' lang='lat' dir='ltr'><strong>non</strong></span> <span class='ocrx_word' id='word_1_305' title='bbox 1002 3997 1087 4052; x_wconf 83' lang='lat' dir='ltr'><strong>luisse</strong></span> <span class='ocrx_word' id='word_1_306' title='bbox 1108 3997 1217 4052; x_wconf 87' lang='lat' dir='ltr'><strong>librum</strong></span> 
     </span>
     <span class='ocr_line' id='line_1_39' title="bbox 76 4088 310 4145; baseline 0 0"><span class='ocrx_word' id='word_1_307' title='bbox 76 4088 117 4145; x_wconf 82' lang='lat' dir='ltr'><strong>de</strong></span> <span class='ocrx_word' id='word_1_308' title='bbox 133 4089 310 4145; x_wconf 82' lang='lat' dir='ltr'><strong>Caesaribus.</strong></span> 
     </span>
    </p>
   </div>
   <div class='ocr_carea' id='block_1_4' title="bbox 0 0 1349 4500">
    <p class='ocr_par' dir='ltr' id='par_1_6' title="bbox 0 0 1349 4500">
     <span class='ocr_line' id='line_1_40' title="bbox 0 0 1349 4500; baseline 0 0"><span class='ocrx_word' id='word_1_309' title='bbox 0 0 1349 4500; x_wconf 95' lang='lat' dir='ltr'><strong> </strong></span> 
     </span>
    </p>
   </div>
  </div>
 </body>
</html>
