2684 4500
654 155 692 214 16

101 326 328 392 Romanorum
350 324 507 389 virtutem
530 321 685 402 celebrat,
709 319 806 385 modo
828 337 956 382 morum
990 316 1180 380 castitatem
1214 320 1246 380 et

104 427 357 511 philosophiam,
390 448 411 491 a
435 424 623 490 Woelfflino
652 445 716 488 non
746 422 866 487 iniuria
896 441 969 484 cum
999 417 1111 482 Taciti
1141 417 1246 500 philo·

103 531 220 614 sophia
242 531 416 604 conlatam,
432 529 529 593 modo
544 529 749 610 elegantiam,
773 546 848 589 cum
875 521 1067 588 Sallustium
1096 522 1246 586 imitatus

103 634 372 718 generedicendi
396 632 599 696 conformato
623 636 656 694 et
686 629 848 711 perpolito
878 632 1000 708 utatur,
1030 624 1127 689 modo
1158 627 1246 707 inge·

100 739 200 818 nium,
226 759 298 801 cum
322 736 406 801 libro
428 734 617 798 brevissimo
640 733 779 815 effigiem
804 750 990 814 expressam
1021 728 1152 809 imperii
1184 733 1246 794 Ro·

103 847 192 905 mani
208 840 381 904 confecerit
405 843 438 903 et
460 858 571 901 omnes
594 838 756 918 graviores
778 856 830 900 res
846 831 1031 917 complexus
1047 831 1099 910 sit,
1117 831 1244 914 dignas,

104 965 189 1027 quae
210 942 430 1007 monumentis
452 940 619 1006 annalium
641 939 885 1020 mandarentur,
908 935 1096 1021 posteritati
1126 955 1246 1018 propa·

104 1052 271 1131 gerentur.

193 1149 290 1231 Quae
314 1169 385 1212 cum
409 1147 458 1212 ita
481 1148 555 1227 sint,
579 1148 659 1211 satis
682 1147 796 1212 mirari
818 1166 1044 1229 nonpossum,
1067 1164 1134 1207 non
1146 1141 1247 1206 modo

108 1252 274 1335 Opitzium
296 1251 353 1314 sed
377 1252 476 1315 etiam
497 1253 603 1334 ipsum
618 1249 844 1315 Woelfflinum
857 1248 976 1312 librum
991 1247 1032 1310 de
1047 1244 1248 1311 Caesaribus

102 1376 168 1419 non
201 1355 363 1436 integrum
399 1352 456 1418 sed
493 1359 681 1437 excerptum
714 1358 840 1436 putare.
885 1350 974 1415 Nam
1006 1350 1035 1415 si
1065 1349 1247 1431 quaeritur,

100 1464 210 1521 utrum
232 1456 315 1521 liber
337 1458 464 1540 integer
486 1459 529 1522 sit
551 1478 662 1538 necne,
686 1455 901 1520 certissimum
916 1457 1044 1532 testem,
1067 1473 1133 1534 quo
1154 1451 1245 1517 locu·

100 1561 275 1644 pletiorem
297 1560 421 1624 nullum
444 1562 585 1626 existere
607 1578 703 1643 posse
727 1559 833 1636 credo,
856 1556 1002 1622 libellum
1016 1557 1133 1639 ipsum,
1154 1557 1246 1621 cuius

98 1662 148 1726 1111
170 1661 230 1725 viri
261 1659 441 1725 doctissimi
473 1684 590 1745 parum
623 1662 783 1726 rationem
815 1660 1013 1741 habuerunt,
1048 1679 1119 1723 esse
1152 1664 1245 1741 puto.

102 1763 228 1847 Quodsi
250 1753 367 1826 1111100
391 1784 542 1847 expressa
564 1771 724 1848 apparent
751 1764 897 1848 vestigia,
927 1763 1049 1828 librum
1076 1762 1245 1843 integrum

103 1888 173 1933 esse
200 1904 237 1913 -
262 1866 295 1929 id
319 1872 377 1947 est,
401 1868 429 1931 si
451 1868 491 1932 de
506 1869 575 1932 vita
591 1871 770 1952 scriptoris,
787 1868 839 1932 cui
853 1867 1021 1946 tribuitur,
1040 1865 1242 1944 instruimur,

101 1972 129 2035 si
151 1970 386 2036 sententiarum
409 1973 553 2037 occurrit
575 1972 760 2052 multitudo,
784 1972 811 2035 si
827 1975 941 2034 auctor
954 1969 1076 2033 iudicia
1090 1967 1186 2048 facit3
1200 2003 1243 2014 -

106 2080 195 2138 certe
216 2095 310 2137 nemo
333 2074 451 2138 librum
476 2082 662 2158 excerptum
686 2075 794 2139 ducet.
839 2073 947 2155 Atqui
968 2072 1050 2136 haec
1077 2071 1185 2135 omnia
1208 2071 1244 2134 in

99 2177 219 2241 Nostro
242 2197 368 2240 summa
390 2178 607 2244 inveniuntur.
653 2179 789 2243 indiciis
812 2179 897 2242 enim
922 2176 976 2240 hic
996 2175 1063 2239 illic
1086 2173 1243 2256 dispersis

100 2279 261 2359 docemur,
298 2278 457 2343 Nostrum
493 2302 568 2345 rure
609 2286 716 2345 01111111
752 2281 844 2345 tenui
867 2287 900 2343 et
922 2278 1054 2343 indocto
1076 2283 1180 2359 patre,
1204 2276 1242 2340 in

102 2381 229 2462 Africa,
255 2382 382 2463 ,decore
405 2382 492 2447 orbis
515 2387 689 2448 terrarum‘
711 2389 826 2448 natum
848 2402 927 2463 esse,
960 2381 1007 2445 ita
1029 2386 1067 2445 ut
1089 2402 1154 2445 non
1176 2380 1244 2444 iam

103 2484 319 2549 dubitandum
342 2485 394 2564 sit,
418 2486 496 2567 quin
518 2486 606 2550 idem
629 2488 672 2551 sit
695 2493 793 2568 atque
816 2486 936 2553 Victor
957 2484 1012 2548 ille
1035 2483 1128 2565 Aser,
1145 2502 1243 2565 quem

100 2586 142 2650 ab
167 2587 288 2669 exiguis
311 2587 412 2652 initiis
434 2589 625 2672 profectum,
650 2611 724 2654 cum
739 2590 781 2654 ad
794 2590 1027 2672 rempublicam
1040 2588 1241 2667 accessisset,

100 2688 242 2772 plurium
264 2690 499 2773 imperatorum
522 2695 628 2775 gratia
650 2694 693 2757 ad
715 2715 856 2758 summos
890 2691 1074 2757 ascendisse
1100 2691 1242 2755 honores

99 2797 237 2856 constat.

207 2892 453 2960 Sententiarum
475 2917 550 2960 vero
574 2896 749 2961 multitudo
771 2919 948 2982 permagna
979 2898 1014 2962 in
1034 2896 1120 2961 libro
1153 2897 1242 2962 inest

100 3017 165 3060 non
187 2997 401 3079 pessimarum
425 3004 458 3063 et
481 3020 566 3081 quae
587 3001 753 3065 interdum
774 3002 1005 3084 philosophum
1027 3021 1092 3064 non
1118 3000 1240 3064 medio·

100 3120 187 3163 crem
210 3101 356 3183 sapiant;
381 3101 438 3165 sed
460 3103 699 3186 qualescunque
722 3112 807 3186 sunt,
831 3111 919 3170 certe
941 3105 1048 3169 nullus
1070 3103 1241 3168 111101011-

100 3203 242 3283 script
253 3225 298 3268 us
314 3208 408 3268 tanta
422 3206 567 3270 locorum
583 3207 798 3272 communium
815 3207 908 3290 copia
924 3206 1080 3272 abundat.
1109 3206 1244 3272 iudicia

100 3305 239 3387 denique
262 3312 378 3388 aperta
400 3307 451 3372 bis
474 3309 561 3374 iecit.
605 3310 702 3374 Prius
724 3311 758 3374 in
779 3310 849 3374 1110
870 3310 1030 3393 Neronis3
1060 3331 1136 3374 110111
1167 3330 1241 3374 cum

101 3408 275 3475 Suetonius
297 3409 404 3495 (Suet.
428 3409 506 3477 Ner.
532 3414 589 3495 28)
604 3415 764 3477 neminem
780 3413 946 3478 dubitasse
962 3413 1140 3493 confirmet,
1157 3413 1236 3496 quin

98 3511 190 3577 Nero
212 3532 323 3577 amore
345 3515 459 3578 matris
488 3515 637 3580 incensus
668 3536 740 3580 eam
772 3524 887 3599 stupro
921 3516 1096 3581 effecturus
1130 3515 1238 3596 fuerit,

98 3615 161 3679 nisi
184 3614 292 3694 amici,
315 3636 356 3680 ne
377 3615 440 3680 hoc
461 3616 594 3697 faceret,
617 3619 692 3683 dolo
714 3620 856 3702 quodam
878 3620 1124 3702 deterruissent,
1142 3619 1239 3684 Taci-

99 3726 152 3784 tus
176 3723 288 3782 autem
308 3717 371 3781 hoc
392 3739 521 3784 rumore
545 3730 796 3789 commemorato
818 3723 924 3788 scelus
946 3723 1028 3787 illud
1050 3744 1115 3787 11011
1130 3721 1239 3787 Nero-

99 3823 143 3903 ni,
166 3820 224 3886 sed
245 3819 451 3903 Agrippinae
473 3823 507 3887 in
530 3825 637 3890 animo
661 3827 759 3891 fuisse
782 3831 917 3909 statuat,
940 3847 1024 3909 quae
1054 3826 1238 3910 cupiditate

98 3923 256 4006 regnandi
286 3931 449 3990 commota
480 3926 523 3990 ad
559 3929 696 4011 quodvis
731 3929 856 3994 facinus
889 3930 1097 4012 paratissima
1129 3928 1239 4011 fuerit,

98 4025 222 4092 Noster
244 4028 414 4111 utriusque
436 4032 619 4095 sententiae
642 4032 804 4096 mentione
831 4031 920 4098 facta
947 4033 997 4097 110
1030 4034 1135 4121 (Caes.
1160 4036 1241 4119 5‚8)
