<?xml version="1.0" encoding="UTF-8"?>
<!DOCTYPE html PUBLIC "-//W3C//DTD XHTML 1.0 Transitional//EN"
    "http://www.w3.org/TR/xhtml1/DTD/xhtml1-transitional.dtd">
<html xmlns="http://www.w3.org/1999/xhtml" xml:lang="en" lang="en">
 <head>
  <title>
</title>
<meta http-equiv="Content-Type" content="text/html;charset=utf-8" />
  <meta name='ocr-system' content='tesseract 3.04.00' />
  <meta name='ocr-capabilities' content='ocr_page ocr_carea ocr_par ocr_line ocrx_word'/>
</head>
<body>
  <div class='ocr_page' id='page_1' title='image "./quibusexfontibu00cohngoog_0069.png"; bbox 0 0 2684 4500; ppageno 0'>
   <div class='ocr_carea' id='block_1_1' title="bbox 703 204 745 269">
    <p class='ocr_par' dir='ltr' id='par_1_1' title="bbox 703 204 745 269">
     <span class='ocr_line' id='line_1_1' title="bbox 703 204 745 269; baseline 0.024 -1"><span class='ocrx_word' id='word_1_1' title='bbox 703 204 745 269; x_wconf 84' lang='lat' dir='ltr'><strong>a4</strong></span> 
     </span>
    </p>
   </div>
   <div class='ocr_carea' id='block_1_2' title="bbox 147 358 1342 1798">
    <p class='ocr_par' dir='ltr' id='par_1_2' title="bbox 147 358 1342 881">
     <span class='ocr_line' id='line_1_2' title="bbox 147 358 1342 456; baseline -0.002 -16"><span class='ocrx_word' id='word_1_2' title='bbox 147 380 191 441; x_wconf 71' lang='lat' dir='ltr'><strong>et</strong></span> <span class='ocrx_word' id='word_1_3' title='bbox 209 373 406 456; x_wconf 78' lang='lat' dir='ltr'><strong>Eutropium</strong></span> <span class='ocrx_word' id='word_1_4' title='bbox 429 372 631 440; x_wconf 80' lang='lat' dir='ltr'>intercedere</span> <span class='ocrx_word' id='word_1_5' title='bbox 653 373 824 454; x_wconf 89' lang='lat' dir='ltr'><strong>rationem,</strong></span> <span class='ocrx_word' id='word_1_6' title='bbox 847 378 885 438; x_wconf 91' lang='lat' dir='ltr'><strong>ut</strong></span> <span class='ocrx_word' id='word_1_7' title='bbox 907 377 1045 456; x_wconf 88' lang='lat' dir='ltr'><strong>uterque</strong></span> <span class='ocrx_word' id='word_1_8' title='bbox 1068 373 1184 438; x_wconf 90' lang='lat' dir='ltr'><strong>eodem</strong></span> <span class='ocrx_word' id='word_1_9' title='bbox 1208 371 1296 438; x_wconf 85' lang='lat' dir='ltr'><strong>fonte</strong></span> <span class='ocrx_word' id='word_1_10' title='bbox 1325 358 1342 387; x_wconf 55' lang='lat'><strong>⁰³</strong></span> 
     </span>
     <span class='ocr_line' id='line_1_3' title="bbox 154 463 1342 566; baseline -0.001 -23"><span class='ocrx_word' id='word_1_11' title='bbox 154 499 233 545; x_wconf 88' lang='lat' dir='ltr'><strong>usus</strong></span> <span class='ocrx_word' id='word_1_12' title='bbox 248 497 319 543; x_wconf 87' lang='lat' dir='ltr'><strong>esse</strong></span> <span class='ocrx_word' id='word_1_13' title='bbox 333 477 498 566; x_wconf 88' lang='lat' dir='ltr'><strong>putandus</strong></span> <span class='ocrx_word' id='word_1_14' title='bbox 512 479 564 558; x_wconf 89' lang='lat' dir='ltr'><strong>sit,</strong></span> <span class='ocrx_word' id='word_1_15' title='bbox 580 513 622 526; x_wconf 91' lang='lat'><em>-</em></span> <span class='ocrx_word' id='word_1_16' title='bbox 637 475 689 540; x_wconf 93' lang='lat' dir='ltr'><strong>cui</strong></span> <span class='ocrx_word' id='word_1_17' title='bbox 710 476 759 541; x_wconf 89' lang='lat' dir='ltr'><strong>rei</strong></span> <span class='ocrx_word' id='word_1_18' title='bbox 782 476 881 541; x_wconf 90' lang='lat' dir='ltr'><strong>etiam</strong></span> <span class='ocrx_word' id='word_1_19' title='bbox 903 474 1121 541; x_wconf 85' lang='lat' dir='ltr'><strong>Mommsenus</strong></span> <span class='ocrx_word' id='word_1_20' title='bbox 1145 488 1295 542; x_wconf 85' lang='lat' dir='ltr'><strong>assensus</strong></span> <span class='ocrx_word' id='word_1_21' title='bbox 1332 463 1342 492; x_wconf 71' lang='grc'><strong>”“</strong></span> 
     </span>
     <span class='ocr_line' id='line_1_4' title="bbox 158 567 1340 663; baseline -0.002 -17"><span class='ocrx_word' id='word_1_22' title='bbox 158 587 208 647; x_wconf 89' lang='lat' dir='ltr'><strong>est</strong></span> <span class='ocrx_word' id='word_1_23' title='bbox 229 580 378 646; x_wconf 92' lang='lat' dir='ltr'><strong>—idem</strong></span> <span class='ocrx_word' id='word_1_24' title='bbox 401 580 617 660; x_wconf 81' lang='lat' dir='ltr'><strong>concluditur,</strong></span> <span class='ocrx_word' id='word_1_25' title='bbox 641 585 675 644; x_wconf 91' lang='lat' dir='ltr'><strong>et</strong></span> <span class='ocrx_word' id='word_1_26' title='bbox 697 577 894 663; x_wconf 82' lang='lat' dir='ltr'><strong>Eutropium</strong></span> <span class='ocrx_word' id='word_1_27' title='bbox 917 583 950 643; x_wconf 89' lang='lat' dir='ltr'><strong>et</strong></span> <span class='ocrx_word' id='word_1_28' title='bbox 964 579 1098 643; x_wconf 82' lang='lat' dir='ltr'><strong>Festum</strong></span> <span class='ocrx_word' id='word_1_29' title='bbox 1118 585 1152 644; x_wconf 93' lang='lat' dir='ltr'><strong>et</strong></span> <span class='ocrx_word' id='word_1_30' title='bbox 1167 577 1297 663; x_wconf 87' lang='lat' dir='ltr'><strong>Lydum</strong></span> <span class='ocrx_word' id='word_1_31' title='bbox 1323 567 1340 661; x_wconf 53' lang='lat' dir='ltr'><strong>‘f</strong></span> 
     </span>
     <span class='ocr_line' id='line_1_5' title="bbox 150 662 1340 766; baseline -0.001 -18"><span class='ocrx_word' id='word_1_32' title='bbox 150 704 220 748; x_wconf 94' lang='lat' dir='ltr'><strong>·non</strong></span> <span class='ocrx_word' id='word_1_33' title='bbox 236 683 391 750; x_wconf 79' lang='lat' dir='ltr'><strong>Suetonio</strong></span> <span class='ocrx_word' id='word_1_34' title='bbox 405 683 490 766; x_wconf 93' lang='lat' dir='ltr'><strong>ipso,</strong></span> <span class='ocrx_word' id='word_1_35' title='bbox 513 682 571 748; x_wconf 87' lang='lat' dir='ltr'><strong>sed</strong></span> <span class='ocrx_word' id='word_1_36' title='bbox 592 687 690 748; x_wconf 89' lang='lat' dir='ltr'><strong>aucto</strong></span> <span class='ocrx_word' id='word_1_37' title='bbox 712 704 789 749; x_wconf 91' lang='lat' dir='ltr'><strong>usos</strong></span> <span class='ocrx_word' id='word_1_38' title='bbox 810 703 891 764; x_wconf 88' lang='lat' dir='ltr'><strong>esse,</strong></span> <span class='ocrx_word' id='word_1_39' title='bbox 914 682 949 747; x_wconf 92' lang='lat' dir='ltr'><strong>in</strong></span> <span class='ocrx_word' id='word_1_40' title='bbox 971 701 1036 764; x_wconf 92' lang='lat' dir='ltr'><strong>quo</strong></span> <span class='ocrx_word' id='word_1_41' title='bbox 1058 681 1138 747; x_wconf 85' lang='lat' dir='ltr'><strong>haec</strong></span> <span class='ocrx_word' id='word_1_42' title='bbox 1161 681 1203 746; x_wconf 91' lang='lat' dir='ltr'><strong>de</strong></span> <span class='ocrx_word' id='word_1_43' title='bbox 1228 680 1297 747; x_wconf 89' lang='lat' dir='ltr'><strong>Ma·</strong></span> <span class='ocrx_word' id='word_1_44' title='bbox 1324 662 1340 722; x_wconf 53' lang='lat'><strong>¹*</strong></span> 
     </span>
     <span class='ocr_line' id='line_1_6' title="bbox 154 769 1342 881; baseline -0.002 -31"><span class='ocrx_word' id='word_1_45' title='bbox 154 787 244 852; x_wconf 81' lang='lat' dir='ltr'><strong>aucis</strong></span> <span class='ocrx_word' id='word_1_46' title='bbox 267 807 318 851; x_wconf 87' lang='lat' dir='ltr'><strong>res</strong></span> <span class='ocrx_word' id='word_1_47' title='bbox 341 786 507 869; x_wconf 85' lang='lat' dir='ltr'><strong>adscripta</strong></span> <span class='ocrx_word' id='word_1_48' title='bbox 529 790 609 850; x_wconf 88' lang='lat' dir='ltr'><strong>erat.</strong></span> <span class='ocrx_word' id='word_1_49' title='bbox 1324 769 1342 881; x_wconf 36' lang='grc' dir='ltr'>ᾗ</span> 
     </span>
    </p>

    <p class='ocr_par' dir='ltr' id='par_1_3' title="bbox 158 879 1342 1798">
     <span class='ocr_line' id='line_1_7' title="bbox 243 879 1342 974; baseline 0.001 -22"><span class='ocrx_word' id='word_1_50' title='bbox 243 894 316 955; x_wconf 88' lang='lat' dir='ltr'><strong>Iam</strong></span> <span class='ocrx_word' id='word_1_51' title='bbox 340 911 413 955; x_wconf 92' lang='lat' dir='ltr'><strong>cum</strong></span> <span class='ocrx_word' id='word_1_52' title='bbox 433 889 527 955; x_wconf 89' lang='lat' dir='ltr'><strong>nobis</strong></span> <span class='ocrx_word' id='word_1_53' title='bbox 544 890 741 972; x_wconf 86' lang='lat' dir='ltr'><strong>apparuerit,</strong></span> <span class='ocrx_word' id='word_1_54' title='bbox 765 889 890 974; x_wconf 81' lang='lat' dir='ltr'><strong>Lydum</strong></span> <span class='ocrx_word' id='word_1_55' title='bbox 913 887 1068 956; x_wconf 84' lang='lat' dir='ltr'><strong>Suetonio</strong></span> <span class='ocrx_word' id='word_1_56' title='bbox 1091 893 1188 955; x_wconf 85' lang='lat' dir='ltr'><strong>aucto</strong></span> <span class='ocrx_word' id='word_1_57' title='bbox 1211 887 1301 953; x_wconf 91' lang='lat' dir='ltr'><strong>—id</strong></span> <span class='ocrx_word' id='word_1_58' title='bbox 1326 879 1342 965; x_wconf 54' lang='grc' dir='ltr'><strong>ῥ’</strong></span> 
     </span>
     <span class='ocr_line' id='line_1_8' title="bbox 158 970 1342 1077; baseline -0.003 -19"><span class='ocrx_word' id='word_1_59' title='bbox 158 999 211 1058; x_wconf 86' lang='lat' dir='ltr'><strong>est</strong></span> <span class='ocrx_word' id='word_1_60' title='bbox 234 993 394 1058; x_wconf 91' lang='lat' dir='ltr'><strong>communi</strong></span> <span class='ocrx_word' id='word_1_61' title='bbox 410 992 562 1076; x_wconf 81' lang='lat' dir='ltr'><strong>Eutropii</strong></span> <span class='ocrx_word' id='word_1_62' title='bbox 579 999 613 1059; x_wconf 91' lang='lat' dir='ltr'><strong>ct</strong></span> <span class='ocrx_word' id='word_1_63' title='bbox 631 992 800 1077; x_wconf 89' lang='lat' dir='ltr'><strong>Epitomes</strong></span> <span class='ocrx_word' id='word_1_64' title='bbox 812 992 902 1059; x_wconf 87' lang='lat' dir='ltr'><strong>fonte</strong></span> <span class='ocrx_word' id='word_1_65' title='bbox 912 1013 1059 1058; x_wconf 88' lang='lat' dir='ltr'><strong>-usum</strong></span> <span class='ocrx_word' id='word_1_66' title='bbox 1071 1011 1149 1074; x_wconf 91' lang='lat' dir='ltr'><strong>esse,</strong></span> <span class='ocrx_word' id='word_1_67' title='bbox 1162 992 1300 1056; x_wconf 81' lang='lat' dir='ltr'><strong>tortasse</strong></span> <span class='ocrx_word' id='word_1_68' title='bbox 1325 970 1342 1049; x_wconf 62' lang='grc' dir='ltr'>Γ</span> 
     </span>
     <span class='ocr_line' id='line_1_9' title="bbox 160 1076 1329 1180; baseline -0.003 -20"><span class='ocrx_word' id='word_1_69' title='bbox 160 1096 258 1160; x_wconf 86' lang='lat' dir='ltr'><strong>aliter</strong></span> <span class='ocrx_word' id='word_1_70' title='bbox 279 1095 320 1159; x_wconf 94' lang='lat' dir='ltr'><strong>de</strong></span> <span class='ocrx_word' id='word_1_71' title='bbox 342 1095 405 1159; x_wconf 91' lang='lat' dir='ltr'><strong>hoc</strong></span> <span class='ocrx_word' id='word_1_72' title='bbox 426 1094 498 1160; x_wconf 90' lang='lat' dir='ltr'><strong>loco</strong></span> <span class='ocrx_word' id='word_1_73' title='bbox 519 1094 749 1162; x_wconf 90' lang='lat' dir='ltr'><strong>iudicabimus.</strong></span> <span class='ocrx_word' id='word_1_74' title='bbox 787 1095 831 1162; x_wconf 90' lang='lat' dir='ltr'><strong>In</strong></span> <span class='ocrx_word' id='word_1_75' title='bbox 843 1097 908 1160; x_wconf 85' lang='lat' dir='ltr'><strong>vita</strong></span> <span class='ocrx_word' id='word_1_76' title='bbox 925 1096 1010 1160; x_wconf 90' lang='lat' dir='ltr'><strong>enim</strong></span> <span class='ocrx_word' id='word_1_77' title='bbox 1024 1094 1171 1179; x_wconf 84' lang='lat' dir='ltr'><strong>Augusti</strong></span> <span class='ocrx_word' id='word_1_78' title='bbox 1192 1094 1299 1180; x_wconf 91' lang='lat' dir='ltr'><strong>(Epit.</strong></span> <span class='ocrx_word' id='word_1_79' title='bbox 1325 1076 1329 1141; x_wconf 55' lang='grc' dir='ltr'>ἕ</span> 
     </span>
     <span class='ocr_line' id='line_1_10' title="bbox 159 1184 1342 1282; baseline 0.001 -18"><span class='ocrx_word' id='word_1_80' title='bbox 159 1202 250 1282; x_wconf 63' lang='grc'>138)</span> <span class='ocrx_word' id='word_1_81' title='bbox 272 1198 485 1281; x_wconf 86' lang='lat' dir='ltr'><strong>Epitomator</strong></span> <span class='ocrx_word' id='word_1_82' title='bbox 506 1197 587 1264; x_wconf 91' lang='lat' dir='ltr'><strong>dicti</strong></span> <span class='ocrx_word' id='word_1_83' title='bbox 608 1199 777 1264; x_wconf 89' lang='lat' dir='ltr'><strong>cuiusdam</strong></span> <span class='ocrx_word' id='word_1_84' title='bbox 797 1199 995 1264; x_wconf 89' lang='lat' dir='ltr'><strong>mentionem</strong></span> <span class='ocrx_word' id='word_1_85' title='bbox 1017 1197 1111 1271; x_wconf 86' lang='lat' dir='ltr'><strong>facit,</strong></span> <span class='ocrx_word' id='word_1_86' title='bbox 1146 1216 1210 1279; x_wconf 91' lang='lat' dir='ltr'><strong>quo</strong></span> <span class='ocrx_word' id='word_1_87' title='bbox 1234 1195 1298 1262; x_wconf 88' lang='lat' dir='ltr'><strong>Ro·</strong></span> <span class='ocrx_word' id='word_1_88' title='bbox 1334 1184 1342 1211; x_wconf 71' lang='lat'>²</span> 
     </span>
     <span class='ocr_line' id='line_1_11' title="bbox 158 1299 1298 1383; baseline -0.004 -16"><span class='ocrx_word' id='word_1_89' title='bbox 158 1303 247 1367; x_wconf 90' lang='lat' dir='ltr'><strong>mani</strong></span> <span class='ocrx_word' id='word_1_90' title='bbox 268 1306 374 1365; x_wconf 90' lang='lat' dir='ltr'><strong>morte</strong></span> <span class='ocrx_word' id='word_1_91' title='bbox 388 1299 533 1383; x_wconf 84' lang='lat' dir='ltr'><strong>Augusti</strong></span> <span class='ocrx_word' id='word_1_92' title='bbox 555 1303 706 1367; x_wconf 85' lang='lat' dir='ltr'><strong>nuntiata</strong></span> <span class='ocrx_word' id='word_1_93' title='bbox 727 1302 778 1366; x_wconf 85' lang='lat' dir='ltr'><strong>uei</strong></span> <span class='ocrx_word' id='word_1_94' title='bbox 800 1305 917 1367; x_wconf 84' lang='lat' dir='ltr'><strong>essent.</strong></span> <span class='ocrx_word' id='word_1_95' title='bbox 955 1299 1174 1366; x_wconf 84' lang='lat' dir='ltr'><strong>Jactarerunt</strong></span> <span class='ocrx_word' id='word_1_96' title='bbox 1197 1299 1298 1363; x_wconf 91' lang='lat' dir='ltr'><strong>enim:</strong></span> 
     </span>
     <span class='ocr_line' id='line_1_12' title="bbox 161 1404 1331 1505; baseline -0.002 -37"><span class='ocrx_word' id='word_1_97' title='bbox 161 1404 363 1486; x_wconf 89' lang='lat' dir='ltr'><strong>„utinam</strong></span> <span class='ocrx_word' id='word_1_98' title='bbox 386 1409 575 1468; x_wconf 84' lang='lat' dir='ltr'><strong>autnon</strong></span> <span class='ocrx_word' id='word_1_99' title='bbox 599 1410 910 1486; x_wconf 88' lang='lat' dir='ltr'><strong>nasceretur,</strong></span> <span class='ocrx_word' id='word_1_100' title='bbox 941 1410 1131 1469; x_wconf 88' lang='lat' dir='ltr'><strong>autnon</strong></span> <span class='ocrx_word' id='word_1_101' title='bbox 1154 1414 1331 1505; x_wconf 74' lang='lat' dir='ltr'><strong>more&#39;-¹</strong></span> 
     </span>
     <span class='ocr_line' id='line_1_13' title="bbox 158 1505 1332 1590; baseline 0.001 -20"><span class='ocrx_word' id='word_1_102' title='bbox 158 1511 325 1575; x_wconf 82' lang='lat' dir='ltr'><strong>retur“.</strong></span> <span class='ocrx_word' id='word_1_103' title='bbox 372 1506 469 1589; x_wconf 79' lang='lat' dir='ltr'><strong>Quod</strong></span> <span class='ocrx_word' id='word_1_104' title='bbox 497 1505 621 1572; x_wconf 88' lang='lat' dir='ltr'><strong>dictum</strong></span> <span class='ocrx_word' id='word_1_105' title='bbox 651 1527 724 1572; x_wconf 87' lang='lat' dir='ltr'><strong>cum</strong></span> <span class='ocrx_word' id='word_1_106' title='bbox 753 1506 953 1573; x_wconf 88' lang='lat' dir='ltr'><strong>simillimum</strong></span> <span class='ocrx_word' id='word_1_107' title='bbox 976 1506 1062 1590; x_wconf 89' lang='lat' dir='ltr'><strong>apud</strong></span> <span class='ocrx_word' id='word_1_108' title='bbox 1085 1505 1298 1590; x_wconf 91' lang='lat' dir='ltr'><strong>Spartianum</strong></span> <span class='ocrx_word' id='word_1_109' title='bbox 1327 1516 1332 1571; x_wconf 75' lang='lat' dir='ltr'><strong>t</strong></span> 
     </span>
     <span class='ocr_line' id='line_1_14' title="bbox 162 1605 1301 1694; baseline 0 -23"><span class='ocrx_word' id='word_1_110' title='bbox 162 1609 269 1688; x_wconf 82' lang='lat'><strong>(18,7:</strong></span> <span class='ocrx_word' id='word_1_111' title='bbox 294 1607 405 1688; x_wconf 93' lang='lat' dir='ltr'><strong>„illum</strong></span> <span class='ocrx_word' id='word_1_112' title='bbox 420 1615 479 1675; x_wconf 89' lang='lat' dir='ltr'><strong>aut</strong></span> <span class='ocrx_word' id='word_1_113' title='bbox 493 1611 583 1675; x_wconf 90' lang='lat' dir='ltr'><strong>nasci</strong></span> <span class='ocrx_word' id='word_1_114' title='bbox 596 1630 660 1675; x_wconf 94' lang='lat' dir='ltr'><strong>non</strong></span> <span class='ocrx_word' id='word_1_115' title='bbox 677 1609 828 1675; x_wconf 83' lang='lat' dir='ltr'><strong>debuisse</strong></span> <span class='ocrx_word' id='word_1_116' title='bbox 843 1615 901 1675; x_wconf 90' lang='lat' dir='ltr'><strong>aut</strong></span> <span class='ocrx_word' id='word_1_117' title='bbox 916 1611 1036 1694; x_wconf 87' lang='lat' dir='ltr'><strong>mori“)</strong></span> <span class='ocrx_word' id='word_1_118' title='bbox 1052 1616 1086 1675; x_wconf 89' lang='lat' dir='ltr'><strong>et</strong></span> <span class='ocrx_word' id='word_1_119' title='bbox 1099 1609 1200 1675; x_wconf 90' lang='lat' dir='ltr'><strong>etiam</strong></span> <span class='ocrx_word' id='word_1_120' title='bbox 1214 1605 1301 1693; x_wconf 87' lang='lat' dir='ltr'><strong>apud</strong></span> 
     </span>
     <span class='ocr_line' id='line_1_15' title="bbox 160 1711 1300 1798; baseline -0.004 -19"><span class='ocrx_word' id='word_1_121' title='bbox 160 1711 331 1779; x_wconf 84' lang='lat' dir='ltr'><strong>Victorem</strong></span> <span class='ocrx_word' id='word_1_122' title='bbox 351 1711 480 1793; x_wconf 87' lang='lat' dir='ltr'><strong>legatur</strong></span> <span class='ocrx_word' id='word_1_123' title='bbox 503 1712 612 1798; x_wconf 86' lang='lat' dir='ltr'><strong>(illum</strong></span> <span class='ocrx_word' id='word_1_124' title='bbox 634 1713 757 1778; x_wconf 89' lang='lat' dir='ltr'><strong>iustum</strong></span> <span class='ocrx_word' id='word_1_125' title='bbox 779 1712 869 1777; x_wconf 86' lang='lat' dir='ltr'><strong>nasci</strong></span> <span class='ocrx_word' id='word_1_126' title='bbox 890 1719 949 1778; x_wconf 90' lang='lat' dir='ltr'><strong>aut</strong></span> <span class='ocrx_word' id='word_1_127' title='bbox 965 1715 1066 1779; x_wconf 87' lang='lat' dir='ltr'><strong>emori</strong></span> <span class='ocrx_word' id='word_1_128' title='bbox 1080 1712 1213 1778; x_wconf 88' lang='lat' dir='ltr'><strong>minime</strong></span> <span class='ocrx_word' id='word_1_129' title='bbox 1229 1731 1300 1776; x_wconf 94' lang='lat' dir='ltr'><strong>con·</strong></span> 
     </span>
    </p>
   </div>
   <div class='ocr_carea' id='block_1_3' title="bbox 159 1796 1335 2205">
    <p class='ocr_par' dir='ltr' id='par_1_4' title="bbox 159 1796 1335 2205">
     <span class='ocr_line' id='line_1_16' title="bbox 162 1796 1334 1971; baseline -0.003 -91"><span class='ocrx_word' id='word_1_130' title='bbox 162 1815 304 1899; x_wconf 79' lang='lat' dir='ltr'><strong>uenisse)</strong></span> <span class='ocrx_word' id='word_1_131' title='bbox 319 1815 355 1879; x_wconf 91' lang='lat' dir='ltr'><strong>in</strong></span> <span class='ocrx_word' id='word_1_132' title='bbox 369 1814 519 1898; x_wconf 92' lang='lat' dir='ltr'><strong>Septimii</strong></span> <span class='ocrx_word' id='word_1_133' title='bbox 533 1816 643 1883; x_wconf 88' lang='lat' dir='ltr'><strong>Severi</strong></span> <span class='ocrx_word' id='word_1_134' title='bbox 658 1816 737 1897; x_wconf 90' lang='lat' dir='ltr'><strong>vita,</strong></span> <span class='ocrx_word' id='word_1_135' title='bbox 744 1815 849 1897; x_wconf 91' lang='lat' dir='ltr'><strong>prima</strong></span> <span class='ocrx_word' id='word_1_136' title='bbox 863 1815 972 1897; x_wconf 91' lang='lat' dir='ltr'><strong>specie</strong></span> <span class='ocrx_word' id='word_1_137' title='bbox 987 1816 1021 1881; x_wconf 92' lang='lat' dir='ltr'><strong>id</strong></span> <span class='ocrx_word' id='word_1_138' title='bbox 1035 1813 1302 1881; x_wconf 88' lang='lat' dir='ltr'><strong>verisimillimum</strong></span> <span class='ocrx_word' id='word_1_139' title='bbox 1328 1796 1334 1971; x_wconf 56' lang='lat'>¹</span> 
     </span>
     <span class='ocr_line' id='line_1_17' title="bbox 159 1916 1300 2001; baseline -0.001 -20"><span class='ocrx_word' id='word_1_140' title='bbox 159 1917 300 1998; x_wconf 85' lang='lat' dir='ltr'><strong>videtur,</strong></span> <span class='ocrx_word' id='word_1_141' title='bbox 323 1917 546 2001; x_wconf 85' lang='lat' dir='ltr'><strong>Epitomatori</strong></span> <span class='ocrx_word' id='word_1_142' title='bbox 568 1918 631 1984; x_wconf 91' lang='lat' dir='ltr'><strong>hoc</strong></span> <span class='ocrx_word' id='word_1_143' title='bbox 653 1919 777 1984; x_wconf 89' lang='lat' dir='ltr'><strong>dictum</strong></span> <span class='ocrx_word' id='word_1_144' title='bbox 795 1917 916 1982; x_wconf 89' lang='lat' dir='ltr'><strong>lectum</strong></span> <span class='ocrx_word' id='word_1_145' title='bbox 931 1917 1020 1998; x_wconf 88' lang='lat' dir='ltr'><strong>apud</strong></span> <span class='ocrx_word' id='word_1_146' title='bbox 1034 1917 1203 1987; x_wconf 84' lang='lat' dir='ltr'><strong>Victorem</strong></span> <span class='ocrx_word' id='word_1_147' title='bbox 1219 1916 1300 1981; x_wconf 87' lang='lat' dir='ltr'><strong>adeo</strong></span> 
     </span>
     <span class='ocr_line' id='line_1_18' title="bbox 161 2012 1334 2105; baseline -0.001 -21"><span class='ocrx_word' id='word_1_148' title='bbox 161 2020 319 2102; x_wconf 82' lang='lat' dir='ltr'><strong>arrisisse,</strong></span> <span class='ocrx_word' id='word_1_149' title='bbox 342 2021 485 2086; x_wconf 90' lang='lat' dir='ltr'><strong>utillud</strong></span> <span class='ocrx_word' id='word_1_150' title='bbox 506 2023 543 2087; x_wconf 89' lang='lat' dir='ltr'><strong>in</strong></span> <span class='ocrx_word' id='word_1_151' title='bbox 558 2021 746 2105; x_wconf 86' lang='lat' dir='ltr'><strong>Augustum</strong></span> <span class='ocrx_word' id='word_1_152' title='bbox 768 2018 972 2104; x_wconf 86' lang='lat' dir='ltr'><strong>transferret,</strong></span> <span class='ocrx_word' id='word_1_153' title='bbox 996 2042 1070 2087; x_wconf 91' lang='lat' dir='ltr'><strong>eum</strong></span> <span class='ocrx_word' id='word_1_154' title='bbox 1085 2019 1195 2102; x_wconf 85' lang='lat' dir='ltr'><strong>verba,</strong></span> <span class='ocrx_word' id='word_1_155' title='bbox 1220 2038 1301 2098; x_wconf 87' lang='lat' dir='ltr'><strong>quae</strong></span> <span class='ocrx_word' id='word_1_156' title='bbox 1330 2012 1334 2041; x_wconf 78' lang='lat'><em>²</em></span> 
     </span>
     <span class='ocr_line' id='line_1_19' title="bbox 160 2092 1335 2205; baseline -0.001 -18"><span class='ocrx_word' id='word_1_157' title='bbox 160 2129 348 2204; x_wconf 86' lang='lat' dir='ltr'><strong>sequuntur,</strong></span> <span class='ocrx_word' id='word_1_158' title='bbox 371 2123 411 2189; x_wconf 91' lang='lat' dir='ltr'><strong>de</strong></span> <span class='ocrx_word' id='word_1_159' title='bbox 447 2145 506 2190; x_wconf 91' lang='lat' dir='ltr'><strong>suo</strong></span> <span class='ocrx_word' id='word_1_160' title='bbox 539 2125 694 2191; x_wconf 87' lang='lat' dir='ltr'><strong>adiceret.</strong></span> <span class='ocrx_word' id='word_1_161' title='bbox 742 2122 838 2204; x_wconf 81' lang='lat' dir='ltr'><strong>Quod</strong></span> <span class='ocrx_word' id='word_1_162' title='bbox 872 2123 906 2187; x_wconf 92' lang='lat' dir='ltr'><strong>in</strong></span> <span class='ocrx_word' id='word_1_163' title='bbox 942 2123 1203 2205; x_wconf 91' lang='lat' dir='ltr'><strong>Epitomatorem</strong></span> <span class='ocrx_word' id='word_1_164' title='bbox 1240 2092 1335 2187; x_wconf 70' lang='lat' dir='ltr'><strong>noul</strong></span> 
     </span>
    </p>
   </div>
   <div class='ocr_carea' id='block_1_4' title="bbox 160 2212 1341 3339">
    <p class='ocr_par' dir='ltr' id='par_1_5' title="bbox 160 2212 1341 3339">
     <span class='ocr_line' id='line_1_20' title="bbox 161 2212 1336 2312; baseline -0.001 -23"><span class='ocrx_word' id='word_1_165' title='bbox 161 2225 319 2308; x_wconf 83' lang='lat' dir='ltr'><strong>quadrat,</strong></span> <span class='ocrx_word' id='word_1_166' title='bbox 354 2227 446 2292; x_wconf 86' lang='lat' dir='ltr'><strong>cuius</strong></span> <span class='ocrx_word' id='word_1_167' title='bbox 469 2228 503 2291; x_wconf 92' lang='lat' dir='ltr'><strong>in</strong></span> <span class='ocrx_word' id='word_1_168' title='bbox 525 2232 596 2294; x_wconf 91' lang='lat' dir='ltr'><strong>toto</strong></span> <span class='ocrx_word' id='word_1_169' title='bbox 618 2227 730 2293; x_wconf 89' lang='lat' dir='ltr'><strong>libello</strong></span> <span class='ocrx_word' id='word_1_170' title='bbox 752 2225 820 2291; x_wconf 88' lang='lat' dir='ltr'><strong>fere</strong></span> <span class='ocrx_word' id='word_1_171' title='bbox 842 2225 923 2290; x_wconf 90' lang='lat' dir='ltr'><strong>nihil</strong></span> <span class='ocrx_word' id='word_1_172' title='bbox 950 2229 1120 2312; x_wconf 89' lang='lat' dir='ltr'><strong>proprium</strong></span> <span class='ocrx_word' id='word_1_173' title='bbox 1153 2225 1303 2292; x_wconf 85' lang='lat' dir='ltr'><strong>videatur</strong></span> <span class='ocrx_word' id='word_1_174' title='bbox 1332 2212 1336 2287; x_wconf 69' lang='lat' dir='ltr'><strong>i</strong></span> 
     </span>
     <span class='ocr_line' id='line_1_21' title="bbox 161 2328 1304 2413; baseline 0 -21"><span class='ocrx_word' id='word_1_175' title='bbox 161 2348 242 2394; x_wconf 86' lang='lat' dir='ltr'><strong>esse.</strong></span> <span class='ocrx_word' id='word_1_176' title='bbox 278 2328 382 2411; x_wconf 89' lang='lat' dir='ltr'><strong>Apud</strong></span> <span class='ocrx_word' id='word_1_177' title='bbox 396 2330 521 2413; x_wconf 84' lang='lat' dir='ltr'><strong>Lydum</strong></span> <span class='ocrx_word' id='word_1_178' title='bbox 542 2351 619 2395; x_wconf 90' lang='lat' dir='ltr'><strong>vero</strong></span> <span class='ocrx_word' id='word_1_179' title='bbox 641 2329 724 2394; x_wconf 90' lang='lat' dir='ltr'><strong>idem</strong></span> <span class='ocrx_word' id='word_1_180' title='bbox 746 2330 814 2395; x_wconf 87' lang='lat' dir='ltr'><strong>fere</strong></span> <span class='ocrx_word' id='word_1_181' title='bbox 836 2331 975 2396; x_wconf 91' lang='lat' dir='ltr'><strong>dictum:</strong></span> <span class='ocrx_word' id='word_1_182' title='bbox 999 2331 1200 2413; x_wconf 92' lang='lat' dir='ltr'><strong>„utinam</strong></span> <span class='ocrx_word' id='word_1_183' title='bbox 1222 2348 1304 2394; x_wconf 89' lang='lat' dir='ltr'><strong>nec</strong></span> 
     </span>
     <span class='ocr_line' id='line_1_22' title="bbox 160 2420 1339 2516; baseline 0.001 -21"><span class='ocrx_word' id='word_1_184' title='bbox 160 2436 641 2510; x_wconf 88' lang='lat' dir='ltr'><strong>natusneomortuus</strong></span> <span class='ocrx_word' id='word_1_185' title='bbox 663 2432 868 2499; x_wconf 86' lang='lat' dir='ltr'><strong>fuisset“</strong></span> <span class='ocrx_word' id='word_1_186' title='bbox 891 2432 1138 2516; x_wconf 82' lang='lat' dir='ltr'><strong>adAugustum</strong></span> <span class='ocrx_word' id='word_1_187' title='bbox 1160 2436 1303 2498; x_wconf 90' lang='lat' dir='ltr'><strong>tractum</strong></span> <span class='ocrx_word' id='word_1_188' title='bbox 1334 2420 1339 2503; x_wconf 65' lang='grc' dir='ltr'><strong>’ζ</strong></span> 
     </span>
     <span class='ocr_line' id='line_1_23' title="bbox 163 2533 1339 2620; baseline 0 -21"><span class='ocrx_word' id='word_1_189' title='bbox 163 2535 354 2602; x_wconf 82' lang='lat' dir='ltr'><strong>invenimus.</strong></span> <span class='ocrx_word' id='word_1_190' title='bbox 400 2535 519 2618; x_wconf 88' lang='lat' dir='ltr'><strong>Itaque</strong></span> <span class='ocrx_word' id='word_1_191' title='bbox 541 2536 603 2600; x_wconf 89' lang='lat' dir='ltr'><strong>nisi</strong></span> <span class='ocrx_word' id='word_1_192' title='bbox 625 2535 710 2600; x_wconf 85' lang='lat' dir='ltr'><strong>forte</strong></span> <span class='ocrx_word' id='word_1_193' title='bbox 732 2534 861 2620; x_wconf 87' lang='lat' dir='ltr'><strong>Lydum</strong></span> <span class='ocrx_word' id='word_1_194' title='bbox 888 2536 951 2601; x_wconf 91' lang='lat' dir='ltr'><strong>hoc</strong></span> <span class='ocrx_word' id='word_1_195' title='bbox 972 2535 1148 2619; x_wconf 87' lang='lat' dir='ltr'><strong>Epitomae</strong></span> <span class='ocrx_word' id='word_1_196' title='bbox 1183 2533 1304 2600; x_wconf 89' lang='lat' dir='ltr'><strong>debere</strong></span> <span class='ocrx_word' id='word_1_197' title='bbox 1336 2548 1339 2561; x_wconf 90' lang='grc'><strong>“</strong></span> 
     </span>
     <span class='ocr_line' id='line_1_24' title="bbox 162 2637 1341 2722; baseline 0.002 -21"><span class='ocrx_word' id='word_1_198' title='bbox 162 2637 340 2721; x_wconf 80' lang='lat' dir='ltr'><strong>credemus,</strong></span> <span class='ocrx_word' id='word_1_199' title='bbox 364 2639 455 2703; x_wconf 87' lang='lat' dir='ltr'><strong>ouius</strong></span> <span class='ocrx_word' id='word_1_200' title='bbox 476 2640 525 2703; x_wconf 91' lang='lat' dir='ltr'><strong>rei</strong></span> <span class='ocrx_word' id='word_1_201' title='bbox 546 2659 587 2702; x_wconf 91' lang='lat' dir='ltr'><strong>ne</strong></span> <span class='ocrx_word' id='word_1_202' title='bbox 608 2638 776 2702; x_wconf 91' lang='lat' dir='ltr'><strong>minimum</strong></span> <span class='ocrx_word' id='word_1_203' title='bbox 798 2639 928 2722; x_wconf 92' lang='lat' dir='ltr'><strong>quidem</strong></span> <span class='ocrx_word' id='word_1_204' title='bbox 949 2639 1122 2722; x_wconf 86' lang='lat' dir='ltr'><strong>vestigium</strong></span> <span class='ocrx_word' id='word_1_205' title='bbox 1144 2642 1246 2720; x_wconf 88' lang='lat' dir='ltr'><strong>extat,</strong></span> <span class='ocrx_word' id='word_1_206' title='bbox 1262 2674 1304 2686; x_wconf 98' lang='lat'>—</span> <span class='ocrx_word' id='word_1_207' title='bbox 1338 2714 1341 2719; x_wconf 27' lang='lat'>¹</span> 
     </span>
     <span class='ocr_line' id='line_1_25' title="bbox 163 2732 1341 2826; baseline 0 -20"><span class='ocrx_word' id='word_1_208' title='bbox 163 2762 238 2806; x_wconf 92' lang='lat' dir='ltr'><strong>oum</strong></span> <span class='ocrx_word' id='word_1_209' title='bbox 259 2742 454 2826; x_wconf 86' lang='lat' dir='ltr'><strong>praesertim</strong></span> <span class='ocrx_word' id='word_1_210' title='bbox 484 2749 603 2823; x_wconf 88' lang='lat' dir='ltr'><strong>„natus</strong></span> <span class='ocrx_word' id='word_1_211' title='bbox 625 2740 762 2805; x_wconf 88' lang='lat' dir='ltr'><strong>fuisset“</strong></span> <span class='ocrx_word' id='word_1_212' title='bbox 785 2753 818 2805; x_wconf 89' lang='lat' dir='ltr'><strong>et</strong></span> <span class='ocrx_word' id='word_1_213' title='bbox 852 2748 1015 2823; x_wconf 93' lang='lat' dir='ltr'><strong>„mortuus</strong></span> <span class='ocrx_word' id='word_1_214' title='bbox 1038 2741 1136 2806; x_wconf 79' lang='lat' dir='ltr'><strong>fuisse</strong></span> <span class='ocrx_word' id='word_1_215' title='bbox 1154 2745 1172 2778; x_wconf 91' lang='lat'><strong>“</strong></span> <span class='ocrx_word' id='word_1_216' title='bbox 1200 2741 1304 2806; x_wconf 88' lang='lat' dir='ltr'><strong>multo</strong></span> <span class='ocrx_word' id='word_1_217' title='bbox 1339 2732 1341 2737; x_wconf 68' lang='grc'><strong>’</strong></span> 
     </span>
     <span class='ocr_line' id='line_1_26' title="bbox 161 2843 1305 2927; baseline -0.001 -19"><span class='ocrx_word' id='word_1_218' title='bbox 161 2845 300 2908; x_wconf 88' lang='lat' dir='ltr'><strong>meliora</strong></span> <span class='ocrx_word' id='word_1_219' title='bbox 321 2843 495 2908; x_wconf 83' lang='lat' dir='ltr'><strong>videantur</strong></span> <span class='ocrx_word' id='word_1_220' title='bbox 517 2864 614 2927; x_wconf 91' lang='lat' dir='ltr'><strong>quam</strong></span> <span class='ocrx_word' id='word_1_221' title='bbox 636 2847 856 2924; x_wconf 85' lang='lat' dir='ltr'><strong>,nasceretur“</strong></span> <span class='ocrx_word' id='word_1_222' title='bbox 887 2849 920 2908; x_wconf 93' lang='lat' dir='ltr'><strong>et</strong></span> <span class='ocrx_word' id='word_1_223' title='bbox 952 2847 1164 2926; x_wconf 88' lang='lat' dir='ltr'><strong>moreretur“,</strong></span> <span class='ocrx_word' id='word_1_224' title='bbox 1197 2862 1305 2925; x_wconf 91' lang='lat' dir='ltr'><strong>quam-</strong></span> 
     </span>
     <span class='ocr_line' id='line_1_27' title="bbox 163 2945 1304 3031; baseline 0 -21"><span class='ocrx_word' id='word_1_225' title='bbox 163 2967 262 3029; x_wconf 89' lang='lat' dir='ltr'><strong>quam</strong></span> <span class='ocrx_word' id='word_1_226' title='bbox 286 2951 458 3026; x_wconf 85' lang='lat' dir='ltr'><strong>„aut-aut“</strong></span> <span class='ocrx_word' id='word_1_227' title='bbox 491 2953 524 3010; x_wconf 90' lang='lat' dir='ltr'><strong>in</strong></span> <span class='ocrx_word' id='word_1_228' title='bbox 546 2946 703 3028; x_wconf 87' lang='lat' dir='ltr'><strong>Epitoma</strong></span> <span class='ocrx_word' id='word_1_229' title='bbox 736 2946 856 3011; x_wconf 89' lang='lat' dir='ltr'><strong>lectum</strong></span> <span class='ocrx_word' id='word_1_230' title='bbox 877 2948 979 3031; x_wconf 86' lang='lat' dir='ltr'><strong>magis</strong></span> <span class='ocrx_word' id='word_1_231' title='bbox 1013 2945 1174 3029; x_wconf 89' lang='lat' dir='ltr'><strong>probatur</strong></span> <span class='ocrx_word' id='word_1_232' title='bbox 1207 2966 1304 3028; x_wconf 86' lang='lat' dir='ltr'><strong>quam</strong></span> 
     </span>
     <span class='ocr_line' id='line_1_28' title="bbox 163 3047 1303 3132; baseline 0.002 -19"><span class='ocrx_word' id='word_1_233' title='bbox 163 3052 341 3132; x_wconf 83' lang='lat' dir='ltr'><strong>„nec-nee“</strong></span> <span class='ocrx_word' id='word_1_234' title='bbox 354 3048 539 3131; x_wconf 88' lang='lat' dir='ltr'><strong>Lydianum</strong></span> <span class='ocrx_word' id='word_1_235' title='bbox 552 3085 590 3098; x_wconf 88' lang='lat'><em>-</em></span> <span class='ocrx_word' id='word_1_236' title='bbox 603 3054 779 3131; x_wconf 89' lang='lat' dir='ltr'><strong>utmmque</strong></span> <span class='ocrx_word' id='word_1_237' title='bbox 793 3049 836 3114; x_wconf 90' lang='lat' dir='ltr'><strong>ad</strong></span> <span class='ocrx_word' id='word_1_238' title='bbox 844 3050 982 3115; x_wconf 93' lang='lat' dir='ltr'><strong>eundem</strong></span> <span class='ocrx_word' id='word_1_239' title='bbox 993 3048 1117 3115; x_wconf 89' lang='lat' dir='ltr'><strong>fontem</strong></span> <span class='ocrx_word' id='word_1_240' title='bbox 1125 3047 1303 3115; x_wconf 87' lang='lat' dir='ltr'><strong>referemus</strong></span> 
     </span>
     <span class='ocr_line' id='line_1_29' title="bbox 161 3149 1305 3234; baseline 0 -17"><span class='ocrx_word' id='word_1_241' title='bbox 161 3152 197 3218; x_wconf 91' lang='lat' dir='ltr'><strong>id</strong></span> <span class='ocrx_word' id='word_1_242' title='bbox 232 3158 281 3216; x_wconf 87' lang='lat' dir='ltr'><strong>eet</strong></span> <span class='ocrx_word' id='word_1_243' title='bbox 314 3151 357 3217; x_wconf 87' lang='lat' dir='ltr'><strong>ad</strong></span> <span class='ocrx_word' id='word_1_244' title='bbox 390 3149 582 3216; x_wconf 85' lang='lat' dir='ltr'><strong>Suetonium</strong></span> <span class='ocrx_word' id='word_1_245' title='bbox 615 3158 762 3234; x_wconf 85' lang='lat' dir='ltr'><strong>auctum,</strong></span> <span class='ocrx_word' id='word_1_246' title='bbox 796 3152 882 3219; x_wconf 89' lang='lat' dir='ltr'><strong>unde</strong></span> <span class='ocrx_word' id='word_1_247' title='bbox 915 3153 1054 3219; x_wconf 87' lang='lat' dir='ltr'><strong>fortasse</strong></span> <span class='ocrx_word' id='word_1_248' title='bbox 1087 3151 1235 3220; x_wconf 87' lang='lat' dir='ltr'><strong>Victoris</strong></span> <span class='ocrx_word' id='word_1_249' title='bbox 1272 3157 1305 3218; x_wconf 90' lang='lat' dir='ltr'><strong>et</strong></span> 
     </span>
     <span class='ocr_line' id='line_1_30' title="bbox 164 3253 909 3339; baseline -0.001 -19"><span class='ocrx_word' id='word_1_250' title='bbox 164 3253 333 3339; x_wconf 87' lang='lat' dir='ltr'><strong>Spartiani</strong></span> <span class='ocrx_word' id='word_1_251' title='bbox 356 3255 533 3319; x_wconf 88' lang='lat' dir='ltr'><strong>communis</strong></span> <span class='ocrx_word' id='word_1_252' title='bbox 554 3254 611 3320; x_wconf 91' lang='lat' dir='ltr'><strong>ille</strong></span> <span class='ocrx_word' id='word_1_253' title='bbox 633 3254 705 3321; x_wconf 90' lang='lat' dir='ltr'><strong>fons</strong></span> <span class='ocrx_word' id='word_1_254' title='bbox 727 3256 909 3339; x_wconf 89' lang='lat' dir='ltr'><strong>sumpserit.</strong></span> 
     </span>
    </p>
   </div>
   <div class='ocr_carea' id='block_1_5' title="bbox 164 3372 1310 3767">
    <p class='ocr_par' dir='ltr' id='par_1_6' title="bbox 164 3372 1310 3767">
     <span class='ocr_line' id='line_1_31' title="bbox 250 3372 1310 3464; baseline 0.001 -25"><span class='ocrx_word' id='word_1_255' title='bbox 250 3372 316 3440; x_wconf 90' lang='lat' dir='ltr'><strong>Sed</strong></span> <span class='ocrx_word' id='word_1_256' title='bbox 345 3374 427 3438; x_wconf 90' lang='lat' dir='ltr'><strong>haec</strong></span> <span class='ocrx_word' id='word_1_257' title='bbox 458 3373 617 3440; x_wconf 86' lang='lat' dir='ltr'><strong>hactenus</strong></span> <span class='ocrx_word' id='word_1_258' title='bbox 644 3375 685 3440; x_wconf 89' lang='lat' dir='ltr'><strong>de</strong></span> <span class='ocrx_word' id='word_1_259' title='bbox 713 3375 816 3460; x_wconf 72' lang='lat' dir='ltr'><strong>Lydo,</strong></span> <span class='ocrx_word' id='word_1_260' title='bbox 849 3377 911 3441; x_wconf 88' lang='lat' dir='ltr'><strong>iam</strong></span> <span class='ocrx_word' id='word_1_261' title='bbox 945 3397 1025 3455; x_wconf 89' lang='lat' dir='ltr'><strong>quae</strong></span> <span class='ocrx_word' id='word_1_262' title='bbox 1057 3375 1184 3458; x_wconf 88' lang='lat' dir='ltr'><strong>reliqua</strong></span> <span class='ocrx_word' id='word_1_263' title='bbox 1219 3379 1310 3464; x_wconf 20' lang='lat' dir='ltr'><strong>suut,-</strong></span> 
     </span>
     <span class='ocr_line' id='line_1_32' title="bbox 164 3474 1306 3562; baseline 0.002 -20"><span class='ocrx_word' id='word_1_264' title='bbox 164 3476 256 3542; x_wconf 87' lang='lat' dir='ltr'><strong>brevi</strong></span> <span class='ocrx_word' id='word_1_265' title='bbox 279 3475 496 3546; x_wconf 77' lang='lat' dir='ltr'><strong>absolvamus.</strong></span> <span class='ocrx_word' id='word_1_266' title='bbox 531 3477 647 3561; x_wconf 92' lang='lat' dir='ltr'><strong>Atque</strong></span> <span class='ocrx_word' id='word_1_267' title='bbox 670 3477 711 3543; x_wconf 94' lang='lat' dir='ltr'><strong>de</strong></span> <span class='ocrx_word' id='word_1_268' title='bbox 734 3479 807 3544; x_wconf 91' lang='lat' dir='ltr'><strong>aliis</strong></span> <span class='ocrx_word' id='word_1_269' title='bbox 822 3478 1046 3562; x_wconf 87' lang='lat' dir='ltr'><strong>scriptoribus,</strong></span> <span class='ocrx_word' id='word_1_270' title='bbox 1070 3493 1152 3562; x_wconf 90' lang='lat' dir='ltr'><strong>quos</strong></span> <span class='ocrx_word' id='word_1_271' title='bbox 1168 3497 1208 3542; x_wconf 88' lang='lat' dir='ltr'><strong>ex</strong></span> <span class='ocrx_word' id='word_1_272' title='bbox 1223 3474 1306 3544; x_wconf 89' lang='lat' dir='ltr'><strong>Sue-</strong></span> 
     </span>
     <span class='ocr_line' id='line_1_33' title="bbox 166 3579 1309 3665; baseline 0.003 -23"><span class='ocrx_word' id='word_1_273' title='bbox 166 3579 257 3643; x_wconf 89' lang='lat' dir='ltr'><strong>tonio</strong></span> <span class='ocrx_word' id='word_1_274' title='bbox 274 3584 371 3644; x_wconf 89' lang='lat' dir='ltr'><strong>aucto</strong></span> <span class='ocrx_word' id='word_1_275' title='bbox 390 3599 449 3644; x_wconf 86' lang='lat' dir='ltr'><strong>sua</strong></span> <span class='ocrx_word' id='word_1_276' title='bbox 463 3579 611 3646; x_wconf 86' lang='lat' dir='ltr'><strong>hausisse</strong></span> <span class='ocrx_word' id='word_1_277' title='bbox 626 3582 781 3665; x_wconf 88' lang='lat' dir='ltr'><strong>suspicor,</strong></span> <span class='ocrx_word' id='word_1_278' title='bbox 804 3602 846 3648; x_wconf 91' lang='lat' dir='ltr'><strong>ne</strong></span> <span class='ocrx_word' id='word_1_279' title='bbox 861 3580 995 3646; x_wconf 88' lang='lat' dir='ltr'><strong>dilatem</strong></span> <span class='ocrx_word' id='word_1_280' title='bbox 1010 3579 1309 3645; x_wconf 88' lang='lat' dir='ltr'><strong>commentariolum</strong></span> 
     </span>
     <span class='ocr_line' id='line_1_34' title="bbox 165 3680 1308 3767; baseline 0.003 -23"><span class='ocrx_word' id='word_1_281' title='bbox 165 3701 278 3762; x_wconf 92' lang='lat' dir='ltr'><strong>meum,</strong></span> <span class='ocrx_word' id='word_1_282' title='bbox 300 3680 392 3746; x_wconf 91' lang='lat' dir='ltr'><strong>mitto</strong></span> <span class='ocrx_word' id='word_1_283' title='bbox 415 3681 616 3767; x_wconf 87' lang='lat' dir='ltr'><strong>disceptare,</strong></span> <span class='ocrx_word' id='word_1_284' title='bbox 641 3684 847 3767; x_wconf 83' lang='lat' dir='ltr'><strong>quoniamst</strong></span> <span class='ocrx_word' id='word_1_285' title='bbox 868 3683 965 3749; x_wconf 88' lang='lat' dir='ltr'><strong>huius</strong></span> <span class='ocrx_word' id='word_1_286' title='bbox 988 3683 1036 3748; x_wconf 91' lang='lat' dir='ltr'><strong>rei</strong></span> <span class='ocrx_word' id='word_1_287' title='bbox 1059 3682 1197 3766; x_wconf 84' lang='lat' dir='ltr'><strong>vestigia</strong></span> <span class='ocrx_word' id='word_1_288' title='bbox 1219 3681 1308 3766; x_wconf 88' lang='lat' dir='ltr'><strong>apud</strong></span> 
     </span>
    </p>
   </div>
   <div class='ocr_carea' id='block_1_6' title="bbox 159 3917 1308 4165">
    <p class='ocr_par' dir='ltr' id='par_1_7' title="bbox 159 3917 1308 4165">
     <span class='ocr_line' id='line_1_35' title="bbox 164 3917 1308 3992; baseline -0.001 -17"><span class='ocrx_word' id='word_1_289' title='bbox 164 3938 183 3975; x_wconf 84' lang='lat' dir='ltr'><strong>s</strong></span> <span class='ocrx_word' id='word_1_290' title='bbox 196 3921 311 3977; x_wconf 81' lang='lat' dir='ltr'><strong>Tiberio</strong></span> <span class='ocrx_word' id='word_1_291' title='bbox 323 3920 445 3977; x_wconf 81' lang='lat' dir='ltr'><strong>Romam</strong></span> <span class='ocrx_word' id='word_1_292' title='bbox 462 3926 595 3978; x_wconf 85' lang='lat' dir='ltr'><strong>vocatum</strong></span> <span class='ocrx_word' id='word_1_293' title='bbox 612 3926 642 3978; x_wconf 92' lang='lat' dir='ltr'><strong>et</strong></span> <span class='ocrx_word' id='word_1_294' title='bbox 660 3922 728 3978; x_wconf 90' lang='lat' dir='ltr'><strong>iude</strong></span> <span class='ocrx_word' id='word_1_295' title='bbox 746 3938 819 3992; x_wconf 85' lang='lat' dir='ltr'><strong>„non</strong></span> <span class='ocrx_word' id='word_1_296' title='bbox 832 3922 979 3977; x_wconf 87' lang='lat' dir='ltr'><strong>remissum</strong></span> <span class='ocrx_word' id='word_1_297' title='bbox 991 3924 1067 3976; x_wconf 84' lang='lat' dir='ltr'><strong>esse“</strong></span> <span class='ocrx_word' id='word_1_298' title='bbox 1084 3923 1192 3986; x_wconf 82' lang='lat' dir='ltr'><strong>narret,</strong></span> <span class='ocrx_word' id='word_1_299' title='bbox 1210 3917 1308 3988; x_wconf 81' lang='lat' dir='ltr'><strong>Lydus</strong></span> 
     </span>
     <span class='ocr_line' id='line_1_36' title="bbox 162 4001 1308 4076; baseline 0.001 -14"><span class='ocrx_word' id='word_1_300' title='bbox 162 4008 228 4064; x_wconf 84' lang='lat' dir='ltr'><strong>loco</strong></span> <span class='ocrx_word' id='word_1_301' title='bbox 246 4023 313 4076; x_wconf 89' lang='lat' dir='ltr'><strong>,non</strong></span> <span class='ocrx_word' id='word_1_302' title='bbox 324 4007 480 4063; x_wconf 87' lang='lat' dir='ltr'><strong>remissum‘</strong></span> <span class='ocrx_word' id='word_1_303' title='bbox 499 4009 699 4073; x_wconf 69' lang='lat' dir='ltr'><strong>„uocarxotv</strong></span> <span class='ocrx_word' id='word_1_304' title='bbox 721 4006 751 4060; x_wconf 73' lang='grc' dir='ltr'><strong>ἐν</strong></span> <span class='ocrx_word' id='word_1_305' title='bbox 768 4001 855 4073; x_wconf 74' lang='grc' dir='ltr'><strong>αυτῇ“</strong></span> <span class='ocrx_word' id='word_1_306' title='bbox 874 4006 989 4063; x_wconf 87' lang='lat' dir='ltr'><strong>exhibet</strong></span> <span class='ocrx_word' id='word_1_307' title='bbox 1005 4012 1035 4063; x_wconf 88' lang='lat' dir='ltr'><strong>et</strong></span> <span class='ocrx_word' id='word_1_308' title='bbox 1045 4007 1123 4062; x_wconf 91' lang='lat' dir='ltr'><strong>idem</strong></span> <span class='ocrx_word' id='word_1_309' title='bbox 1133 4005 1193 4060; x_wconf 85' lang='lat' dir='ltr'><strong>fere</strong></span> <span class='ocrx_word' id='word_1_310' title='bbox 1204 4003 1308 4062; x_wconf 79' lang='lat' dir='ltr'><strong>Festus</strong></span> 
     </span>
     <span class='ocr_line' id='line_1_37' title="bbox 159 4090 1262 4165; baseline -0.003 -17"><span class='ocrx_word' id='word_1_311' title='bbox 159 4093 273 4165; x_wconf 81' lang='lat' dir='ltr'><strong>posuit:</strong></span> <span class='ocrx_word' id='word_1_312' title='bbox 292 4094 351 4163; x_wconf 86' lang='lat' dir='ltr'><strong>„ibi</strong></span> <span class='ocrx_word' id='word_1_313' title='bbox 368 4095 418 4150; x_wconf 91' lang='lat' dir='ltr'><strong>diu</strong></span> <span class='ocrx_word' id='word_1_314' title='bbox 435 4094 628 4150; x_wconf 85' lang='lat' dir='ltr'><strong>detentus.“</strong></span> <span class='ocrx_word' id='word_1_315' title='bbox 666 4093 724 4151; x_wconf 88' lang='lat' dir='ltr'><strong>Sed</strong></span> <span class='ocrx_word' id='word_1_316' title='bbox 741 4095 772 4148; x_wconf 90' lang='lat' dir='ltr'><strong>in</strong></span> <span class='ocrx_word' id='word_1_317' title='bbox 789 4094 843 4149; x_wconf 88' lang='lat' dir='ltr'><strong>hac</strong></span> <span class='ocrx_word' id='word_1_318' title='bbox 860 4109 892 4148; x_wconf 87' lang='lat' dir='ltr'><strong>re</strong></span> <span class='ocrx_word' id='word_1_319' title='bbox 909 4093 1017 4149; x_wconf 80' lang='lat' dir='ltr'><strong>leviore</strong></span> <span class='ocrx_word' id='word_1_320' title='bbox 1034 4092 1088 4147; x_wconf 89' lang='lat' dir='ltr'><strong>uiti</strong></span> <span class='ocrx_word' id='word_1_321' title='bbox 1105 4090 1262 4159; x_wconf 80' lang='lat' dir='ltr'><strong>nequimus</strong></span> 
     </span>
    </p>
   </div>
   <div class='ocr_carea' id='block_1_7' title="bbox 0 0 1351 4500">
    <p class='ocr_par' dir='ltr' id='par_1_8' title="bbox 0 0 1351 4500">
     <span class='ocr_line' id='line_1_38' title="bbox 0 0 1351 4500; baseline 0 0"><span class='ocrx_word' id='word_1_322' title='bbox 0 0 1351 4500; x_wconf 95' lang='lat' dir='ltr'><strong> </strong></span> 
     </span>
    </p>
   </div>
  </div>
 </body>
</html>
