2684 4500
61 82 63 119 Ι

61 136 68 283 l
646 187 686 248 u

60 342 63 445 l
100 357 176 423 illos
198 356 384 440 scriptores,
408 357 557 422 Tacitum
580 355 652 419 dico
677 362 711 421 et
732 355 798 420 Dio
814 353 1027 441 Cassium⁴³)
1049 352 1240 435 intercedat,

60 458 62 523 l
101 460 295 543 quibuscum
310 460 549 526 necessitudine
565 458 711 541 quadam,
726 464 764 522 ut
789 459 838 522 ita
850 457 961 540 dicam,
978 457 1169 521 coniunctus
1182 461 1241 521 est.

60 542 63 553 ¹
191 561 304 646 Atque
327 561 463 628 Tacitea
485 563 513 628 si
536 563 727 644 quaerimus,
749 561 869 644 primus
891 561 944 624 hic
976 560 1067 624 locus
1100 559 1243 624 occurrit

103 666 137 729 in
160 665 227 731 vita
249 665 402 749 Augusti.

327 836 388 878 Cass.
402 836 442 891 1,1.
880 837 932 876 Tac.
946 835 1007 874 Anu.
1021 832 1060 886 t,2.

136 902 449 972 Illectispardona
473 903 646 958 militibus
732 902 789 957 Ubi
807 903 957 958 militem
974 901 1093 965 donis,
1106 900 1243 969 populum

103 991 189 1056 atque
207 1006 370 1044 annonae
388 991 533 1045 curandae
551 991 646 1058 specie
699 1006 857 1056 annona,
885 993 1001 1043 cunctos
1021 986 1170 1040 dulcedine
1190 985 1241 1039 otii

104 1075 190 1144 vulgo
227 1079 337 1131 ceteros
371 1075 448 1130 haud
494 1075 647 1130 difficulter
698 1074 884 1142 pellexit.

103 1159 224 1230 subegit.

186 1297 317 1361 Invita
339 1296 464 1362 Tiberii
487 1297 568 1361 haec
583 1297 638 1382 44)
665 1296 775 1361 Taciti
808 1303 842 1362 et
864 1295 981 1362 Nostri
1002 1296 1088 1361 inter
1110 1317 1144 1360 se
1167 1317 1241 1361 con·

104 1398 240 1464 ferenda
261 1405 345 1464 sunt.
911 1412 913 1418 '

137 1519 215 1573 Caes.
233 1521 295 1588 2,1:
313 1519 487 1574 subdoluset
510 1536 607 1575 occu
619 1520 642 1572 l·
713 1519 779 1573 Tac.
798 1521 876 1575 Ann.
896 1519 954 1581 aa?
973 1519 1135 1573 occultu
1146 1536 1174 1571 m
1199 1537 1240 1574 ac

99 1605 169 1662 tior.
700 1604 916 1658 subdolum.

144 1693 249 1746 Caes.
268 1691 327 1756 2,2:
352 1690 444 1746 adhuc
473 1690 541 1744 dum
561 1689 643 1743 urbes
736 1689 804 1743 Tac.
823 1691 978 1757 Annua?
991 1708 1108 1761 perosus
1121 1691 1241 1743 munici-

104 1779 134 1831 et
151 1779 306 1831 conventus
330 1781 501 1832 exsecratur.
698 1775 745 1845 pia
765 1781 793 1830 et
812 1777 944 1832 colonias.

187 1879 229 1944 In
250 1879 320 1944 rita
334 1877 505 1963 Caligulae
527 1879 580 1944 hic
597 1879 686 1944 locus
710 1879 859 1944 Tacitum
882 1882 987 1964 sapitt
1012 1878 1141 1964 „(Caea
1159 1883 1241 1961 3,4.)

95 1989 168 2048 -tum
191 1984 271 2066 quia
292 1987 387 2047 natus
409 1983 443 2046 in
467 1983 621 2065 exercitu,
644 1983 730 2046 undo
757 1991 996 2064 cognomentum
1029 1983 1237 2047 calciamento

101 2087 233 2152 militari
266 2085 578 2168 quaesiverat“;
617 2107 753 2168 quocum
782 2083 993 2150 conferendus
1016 2093 1066 2151 est
1103 2086 1238 2151 Tacitus

103 2191 213 2276 (Anm.
239 2192 325 2271 tat)
359 2188 440 2270 „iam
472 2187 577 2253 infans
598 2189 632 2252 in
656 2189 780 2271 castris,
803 2188 837 2250 in
860 2189 1073 2254 contubernio
1108 2191 1241 2253 militum

107 2292 255 2372 eductus,
294 2311 384 2373 quem
421 2290 554 2354 militari
573 2292 730 2355 vocabulo
766 2287 945 2372 Caligulam
980 2292 1141 2366 uocabant
1164 2293 1242 2375 quia

102 2394 291 2478 plerumque
314 2393 356 2458 ad
379 2395 654 2459 concilianda
675 2393 763 2476 vulgi
786 2395 926 2462 studia.“
1044 2392 1123 2459 Cum
1161 2396 1240 2457 enim

104 2503 244 2580 uterque
267 2494 445 2578 Caligulam
481 2497 515 2559 in
552 2499 667 2560 castris
689 2502 797 2560 natum
819 2495 909 2577 facit,
945 2497 1098 2561 recedens
1121 2520 1140 2561 a
1163 2494 1240 2560 Sue-

105 2600 206 2682 tonio,
231 2601 289 2682 qui
330 2597 416 2686 (Cal.
441 2599 479 2685 8)
512 2599 598 2662 illam
619 2599 717 2662 Plinii
740 2599 880 2665 Secundi
913 2601 1102 2664 sententiam
1136 2600 1240 2680 reicit,

102 2709 166 2767 tum
190 2702 326 2784 verbum,
367 2702 590 2784 „quaesieram
617 2701 698 2766 idem
721 2701 851 2767 videtur
873 2703 936 2766 sibi
957 2703 1040 2768 velle
1069 2724 1108 2767 ac
1133 2703 1241 2767 Taciti

101 2805 200 2870 verba
222 2804 286 2888 „ad
309 2804 513 2868 concilianda
535 2804 676 2871 studia.“

192 2924 230 2987 ln
269 2928 369 2988 morte
392 2921 524 2988 Claudii
546 2924 664 2993 Victor
687 2923 876 2989 Suetonium
910 2926 1051 3008 quamvis
1075 2932 1239 3008 sequatur,

100 3025 229 3106 (Claud.
244 3026 402 3095 til-Caes.
425 3027 516 3108 3‚15)
561 3025 663 3112 (Suet.
688 3049 770 3092 mors
793 3029 860 3092 eius
884 3029 989 3093 celata
1012 3034 1061 3092 est
1081 3065 1124 3075 —
1147 3027 1241 3093 Caes.

102 3128 246 3195 funus..
272 3130 387 3211 diu45)
424 3130 634 3209 occultatum
672 3151 732 3213 pro
764 3151 905 3211 aegro..
944 3131 1176 3196 simulationem
1197 3167 1242 3178 —

101 3229 194 3295 Caes.
211 3279 242 3299 ..
279 3224 408 3315 aegrum
443 3231 618 3317 simulant),
649 3232 799 3298 custodes
831 3239 936 3298 tamen
970 3233 1011 3298 ab
1051 3234 1239 3316 Agrippina

101 3372 307 3382 -——---

174 3438 218 3504 ⁴³)
238 3435 315 3505 Quae
333 3435 444 3492 Dionea
462 3437 613 3493 videantur
630 3438 659 3490 in
676 3438 749 3493 libro
768 3439 804 3492 de
823 3439 999 3506 Caesaribus,
1026 3439 1097 3494 bene
1116 3440 1237 3494 contulit

101 3521 226 3590 Cpitzius
245 3522 274 3576 in
292 3523 409 3592 singulis
428 3525 569 3593 capitibus
589 3524 667 3594 (vide
685 3526 716 3578 in
733 3525 832 3594 primis
849 3543 879 3594 p.
897 3527 947 3579 215
967 3530 996 3579 et
1014 3525 1084 3594 217).

171 3629 215 3694 Η)
236 3626 319 3694 Quod
342 3627 514 3682 Marobodus
543 3631 571 3681 ot
597 3629 672 3696 apud
697 3627 829 3683 Tacitum
857 3641 886 3682 et
913 3629 989 3697 apud
1014 3629 1242 3698 Epitomatorem

101 3708 259 3765 Suevorum
276 3729 328 3767 rex
345 3712 527 3783 significatur,
554 3714 612 3767 iam
631 3731 716 3782 supra
734 3713 808 3767 hunc
826 3715 920 3768 locum
939 3731 953 3768 e
972 3714 1090 3771 Victore
1110 3734 1239 3770 manasse

102 3799 320 3852 commemoravi
337 3800 417 3866 (vide
435 3799 499 3852 adn.
518 3799 552 3852 27
580 3804 610 3853 et
636 3815 701 3869 app.
720 3800 757 3869 2).
792 3799 889 3855 Etiam
913 3802 942 3855 in
968 3802 1021 3858 hac
1047 3820 1079 3857 rs
1109 3802 1243 3856 videlicet

101 3880 203 3936 Victor
221 3901 285 3937 oum
304 3884 405 3939 Tacito
425 3885 573 3941 consentit.

171 3986 210 4054 ⁴⁵)
232 3987 365 4042 Conferas
384 3989 468 4044 velim
487 3989 605 4044 Clason:
642 3988 777 4059 ,Tacitus
803 3991 862 4043 und
881 3990 996 4056 Sueten,
1025 3990 1087 4045 eine
1107 3988 1242 4056 Quellen·

99 4072 338 4144 untersuchung“.
