2684 4500
653 179 656 182 ⁴
744 215 765 274 6

185 393 296 453 tamen
319 406 438 469 operae
461 389 623 448 1616111111
644 381 762 450 horum
783 383 941 449 librorum
956 381 1103 446 fontibus
1120 379 1325 463 indagandis,

186 490 236 555 ita
273 495 311 554 ut
347 509 417 553 rem
438 489 586 571 tetigisse
618 488 729 570 potius
753 508 851 570 quam
873 487 1065 558 tractavisse
1087 485 1225 569 putandi
1248 487 1324 551 sint.

184 591 273 657 Nam
302 612 343 655 ne
371 591 454 658 illud
475 590 606 675 quidem
626 591 850 674 gravissimum
872 589 1032 670 viderunt,
1056 589 1144 676 quod
1166 590 1326 654 Maehlius

185 696 306 778 primns
329 695 449 776 docuit,
484 714 687 776 consensum,
723 694 780 777 qui
801 695 888 758 inter
910 689 1069 758 Caesares
1092 701 1125 759 et
1147 695 1326 777 Epitomen

184 797 366 881 intercedit,
400 797 552 863 undecim
585 797 750 880 capitibus
784 796 948 880 prioribus
980 797 1147 879 contineri,
1181 797 1215 861 id
1239 796 1327 881 quod

185 903 346 966 neminem
376 902 477 967 libros
507 902 581 967 illos
616 907 744 968 attento
773 899 881 968 animo
909 902 1131 986 perlegentem
1154 906 1188 965 et
1217 901 1325 967 confe-

185 1011 311 1070 rentem
333 1003 446 1069 fallere
467 1010 587 1089 potest.

272 1105 366 1190 Quae
400 1129 473 1172 oum
505 1109 556 1173 ita
588 1110 665 1192 sint,
693 1110 758 1174 iam
780 1109 944 1174 veteribus
967 1109 1032 1174 illis
1054 1109 1180 1174 omissis
1203 1109 1246 1173 ad
1270 1130 1324 1175 eos

188 1232 240 1276 me
262 1212 372 1294 potius
396 1217 591 1294 convertam,
616 1213 674 1298 qui
689 1211 822 1276 Maehlii
843 1213 974 1276 invento
997 1214 1048 1278 usi
1071 1212 1109 1277 de
1130 1212 1244 1276 haere
1262 1212 1326 1277 dis-

188 1317 400 1392 ceptaverunt
430 1319 519 1378 etin
543 1336 655 1381 eorum
678 1315 848 1379 sententiis
872 1315 1095 1380 examinandis
1118 1314 1228 1399 paullo
1254 1314 1324 1378 diu·

186 1419 252 1481 tius
275 1419 399 1483 versari
421 1416 528 1484 liceat.

675 1645 857 1656 —n—

643 1845 785 1948 Caput
810 1847 869 1930 Π.

111 2069 114 2076 -
227 2031 342 2116 Atque
352 2031 459 2113 primo
472 2032 542 2097 loco
557 2032 716 2100 Ludovici
728 2034 754 2100 J
756 2034 898 2122 eepii⁹⁸)
914 2053 1094 2118 proponam
1116 2031 1323 2113 sententiam,

186 2154 259 2198 oum
289 2136 429 2199 omnium
455 2136 610 2201 facillime
632 2138 735 2203 refelli
757 2141 870 2222 possit,
915 2137 1003 2203 Nam
1026 2158 1099 2201 oum
1122 2141 1155 2201 et
1176 2134 1260 2199 liber
1282 2134 1324 2199 de

186 2235 381 2302 Caesaribus
403 2261 486 2305 anno
510 2243 737 2306 trecentesimo
750 2243 957 2325 sexagesimo,
973 2241 1126 2324 Epitome
1139 2259 1204 2302 non
1219 2237 1324 2302 multo

184 2346 259 2422 post
292 2361 412 2405 annum
444 2346 706 2408 trecentesimum
738 2345 980 2427 nonagesimum
1010 2344 1157 2429 quintum
1180 2342 1322 2424 scriptus

185 2463 254 2507 6666
282 2443 456 2527 videretur,
490 2452 524 2511 61
545 2446 620 2511 libri
641 2448 727 2511 inter
749 2467 784 2511 66
805 2447 978 2532 permultis
1000 2447 1078 2511 locis
1102 2445 1320 2527 concinerent,

184 2565 256 2608 eam
278 2547 496 2614 coniecturam
518 2551 615 2633 cepit,
636 2554 675 2614 ut
695 2551 864 2636 utriusque
886 2549 962 2614 libri
978 2548 1011 2616 S.
1031 2549 1123 2613 illum
1145 2546 1323 2612 Aurelium

185 2648 364 2732 Victorem,
398 2672 496 2734 quem
517 2674 582 2717 una
605 2674 678 2718 oum
700 2653 936 2722 Valentiniano
959 2653 1163 2718 consulatum
1185 2650 1323 2732 gessisse

186 2753 380 2819 Ammianus
402 2755 514 2837 tradit,
538 2760 706 2820 auctorem
728 2775 798 2820 esse
820 2760 989 2824 statueret.
1035 2753 1128 2837 Quae
1156 2753 1322 2817 sententia

95 2862 99 2869 “
185 2857 214 2920 61
246 2856 340 2920 nobis
373 2858 581 2941 probaretur,
617 2863 728 2922 tamen
761 2859 859 2922 etiam
893 2856 1115 2943 quaerendum
1138 2862 1233 2938 esset,
1257 2876 1323 2941 qua

185 2959 316 3023 ratione
348 2959 404 3024 ille
434 2981 543 3026 rerum
573 2961 722 3045 scriptor,
754 2963 819 3026 6116
841 2960 960 3029 Victor
993 2959 1059 3024 6116
1092 2957 1182 3022 aliud
1204 2979 1322 3023 nomen

186 3061 217 3124 ei
238 3059 310 3143 suit,
347 3062 383 3126 in
405 3064 559 3147 Epitome
580 3064 779 3131 conficienda
800 3065 909 3147 priore
930 3063 1014 3127 libro
1038 3083 1096 3126 suo
1123 3082 1200 3126 usus
1226 3066 1321 3126 esset.

187 3163 254 3230 Sed
275 3165 349 3247 ipsa
363 3164 474 3248 Jeepii
496 3168 605 3250 opinio
627 3168 691 3232 illis
713 3167 850 3248 indiciis,
873 3167 914 3231 de
930 3167 1045 3253 quibus
1059 3166 1113 3228 111
1128 3183 1321 3249 quemquam

186 3266 413 3333 dubitaturum
436 3289 505 3334 esse
519 3276 609 3353 puto,
645 3270 817 3350 refutatur,
833 3270 950 3356 quibus
965 3270 1162 3354 Wblfflinus,
1185 3271 1323 3336 1111166-

187 3370 342 3453 tissimus
377 3370 538 3436 diversum
572 3393 643 3438 esse
675 3375 843 3459 utriusque
865 3373 942 3440 libri
963 3375 1077 3439 stilum
1100 3382 1133 3440 et
1155 3397 1251 3458 genus
1274 3374 1322 3442 di-

186 3472 280 3536 cendi
303 3474 535 3557 comprobavit,
558 3497 663 3565 neque
684 3476 863 3559 fieriposse
885 3477 1057 3563 quisquam
1079 3477 1262 3558 contendet,
1285 3484 1324 3542 ut

185 3573 300 3658 aliquis
334 3576 505 3643 intervallo
528 3581 664 3662 triginta
685 3599 842 3642 annorum
865 3580 947 3644 adeo
971 3577 1151 3643 orationem
1174 3579 1207 3641 in
1229 3581 1321 3661 peius

186 3681 293 3740 vertat
317 3683 349 3742 et
366 3683 481 3744 mutet.
506 3678 573 3745 Sed
594 3680 681 3745 idem
704 3679 846 3744 efficitur
868 3687 956 3746 -61
967 3681 1106 3746 16116666
1129 3681 1229 3746 etiam
1252 3703 1321 3747 661-

186 3778 252 3842 tius
275 3813 314 3824 -·
340 3800 379 3843 ex
403 3783 458 3864 eis,
493 3804 576 3869 quae
598 3781 685 3848 infra
707 3783 747 3848 de
770 3782 905 3848 diversis
928 3791 1098 3859 auctorum
1119 3783 1322 3851 Nostrorum

158 3968 160 3972 ι
184 3880 323 3958 ingeniis
346 3903 512 3969 exponam.

184 4042 392 4056 ...ιι-...-

254 4108 301 4178 ⁹⁸)
320 4109 419 4164 rivista
437 4108 467 4165 di
484 4109 612 4180 filologia
631 4111 707 4168 1873.
725 4109 841 4182 Maggio
859 4129 887 4181 p.
907 4112 948 4168 16.
