2684 4500
644 165 683 224 10

94 338 192 402 etiam
213 333 266 397 hic
281 330 373 394 illum
389 351 517 396 sensum
532 330 663 397 habeat.
688 332 768 399 Huc
783 333 919 416 accedit,
942 334 1030 420 quod
1047 335 1232 415 Genetivus,

96 436 243 508 Victoris
273 436 306 499 in
329 436 386 501 illo
408 435 502 501 titulo
525 434 734 500 difficillimus
758 438 802 500 sit
823 438 999 516 intellectu,
1023 459 1095 503 cum
1111 436 1237 519 Opituii

97 540 234 605 arbitrio
255 539 427 623 inscriptio
450 539 508 603 illa
529 539 685 604 historias
706 541 866 606 breviatas
882 542 1018 605 voluerit
1039 562 1104 604 non
1121 561 1140 603 a
1156 540 1235 607 Vic·

95 650 166 708 tore
192 642 250 707 sed
278 664 317 708 ex
350 643 418 706 eius
440 641 542 707 libris.
565 680 608 690 -
632 642 702 721 „At
725 649 839 708 extant
861 646 993 731 quidam
1015 645 1077 709 loci
1099 644 1132 706 in
1156 632 1236 727 Epi·

98 754 196 830 tome,
220 748 275 833 qui
297 768 362 813 non
385 744 612 810 eansaribus
634 743 774 828 fluxisse,
799 748 856 812 sed
880 748 922 812 ad
938 766 1138 813 communem
1154 748 1236 812 utri-

94 874 197 938 usque
219 857 338 916 sontem
360 850 466 914 redire
487 848 690 917 videantur.“
729 849 866 932 Fateor3
890 851 945 916 sed
960 848 1126 934 Opitzium
1140 850 1235 935 fugit,

95 957 165 1021 fieri
185 955 339 1039 potuisse,
353 959 391 1018 ut
405 952 614 1035 Epitomator
634 954 751 1019 librum
776 951 814 1018 de
830 951 1035 1035 Caesaribus,
1058 975 1121 1040 quo
1145 960 1234 1019 certe

96 1080 172 1124 usus
206 1064 265 1139 est,
304 1077 376 1121 cum
408 1058 510 1140 ipsius
532 1055 679 1122 Victoris
701 1057 789 1123 fonte
818 1058 1061 1139 contaminaret,
1086 1057 1120 1121 id
1144 1056 1234 1143 quod

97 1161 185 1226 infra
208 1160 422 1244 comprobare
445 1156 594 1224 conabor.
1061 1156 1065 1164 ’

185 1264 271 1328 Tota
286 1271 397 1328 autem
414 1261 538 1347 Opitzii
554 1263 662 1345 opinio
679 1269 810 1328 corruat
824 1285 955 1328 necesse
971 1270 1030 1346 est,
1056 1264 1239 1347 gravissimi

100 1367 266 1432 cuiusdam
296 1367 451 1431 momenti
481 1367 607 1431 ratione
636 1367 758 1433 habita.
804 1372 836 1430 Is
860 1368 954 1448 enim,
977 1369 1035 1453 qui
1057 1368 1176 1432 librum
1199 1367 1238 1431 de

101 1469 297 1536 Caesaribus
331 1471 531 1557 conscripsit,
564 1490 762 1556 quamquam
795 1476 885 1535 totus
918 1469 986 1534 fere
1019 1492 1058 1535 ex
1082 1470 1238 1536 Suetonio

97 1573 226 1660 pendet,
249 1573 341 1638 cuius
362 1573 568 1656 apertissima
590 1592 686 1658 saepe
709 1574 845 1656 vestigia
867 1580 1036 1660 apparent,
1059 1594 1238 1659 numquam

100 1683 212 1741 tamen
247 1676 317 1762 ipse
340 1675 488 1742 Suetonii
510 1677 609 1742 verba
632 1676 811 1763 exscripsit,
848 1678 904 1741 sed
925 1683 1020 1741 tanta
1042 1682 1114 1740 arte
1138 1697 1177 1740 ex
1200 1696 1238 1741 eo

100 1800 158 1843 sua
179 1780 296 1858 hausit,
320 1785 359 1844 ut
381 1780 473 1866 quasi
495 1782 574 1846 data
597 1803 696 1867 opera
719 1802 846 1844 sensum
868 1802 932 1844 non
954 1785 1106 1860 mutaret,
1129 1780 1238 1843 verbis

101 1888 212 1948 tamen
235 1884 480 1953 suisuteretur.
524 1882 598 1967 Quo
620 1885 667 1964 fit,
689 1888 727 1947 ut
749 1884 847 1968 pauci
870 1889 981 1947 extent
1003 1882 1066 1946 loci
1087 1881 1144 1946 ubi
1159 1879 1240 1946 Sue-

98 1987 183 2051 tonii
205 1987 307 2051 verba
329 1987 419 2073 apud
441 1988 613 2055 Victorem
634 1986 780 2069 redeant,
804 2007 943 2073 quorum
965 1985 1073 2050 nescio
1096 2005 1138 2048 an
1152 1989 1241 2049 lucu·

103 2089 302 2156 lentissimus
324 2091 377 2154 hio
399 2091 450 2157 sit.

309 2329 384 2371 (taes.
397 2328 438 2382 4,4.
852 2327 924 2367 Suet
939 2326 1036 2368 Claud
1052 2331 1083 2367 lc.

139 2430 203 2467 cum
246 2414 383 2468 lascivum
420 2416 640 2479 adulescentem,
731 2411 928 2480 recognitione
956 2413 1082 2479 equitum
1109 2409 1240 2465 iuvenem

104 2516 210 2567 quem
237 2499 291 2554 sibi
318 2503 515 2570 probatum
541 2517 644 2570 parens
696 2499 794 2569 probri
811 2498 928 2567 plenum
947 2497 996 2551 sed
1015 2503 1240 2566 quempater

110 2590 276 2654 asseruerat,
311 2586 482 2654 retinuisset,
527 2605 643 2643 censo·
696 2584 982 2655 probatissimum
999 2583 1052 2637 sibi
1063 2582 1234 2643 affirmabat,

106 2685 177 2722 rem
195 2673 224 2723 et
241 2670 336 2724 liberis
347 2675 458 2741 patrem
469 2672 574 2728 debere
584 2690 644 2727 esse
696 2672 754 2724 sine
781 2669 939 2738 ignominia
974 2668 1090 2734 dimisit,
1128 2669 1235 2724 habere

104 2758 183 2809 recte
201 2756 352 2812 adiecerat.
698 2757 794 2810 dicens
813 2771 992 2810 censorem
1011 2772 1099 2808 suum.

192 2927 314 2994 Contra
334 2930 509 3014 videamus,
533 2951 616 3013 quae
637 2933 722 2997 ratic
745 2927 927 2994 intercedat
948 2928 1034 2991 inter
1061 2927 1239 3010 Epitomen

107 3035 140 3093 et
163 3028 363 3097 Suetonium.
408 3034 490 3100 Plus
512 3041 622 3100 autem
645 3040 775 3099 centum
789 3034 853 3097 loci
867 3031 1083 3109 inveniuntur,
1099 3031 1156 3094 ubi
1170 3032 1243 3114 ipsa

107 3131 255 3199 Suetonii
276 3136 378 3201 rerba
398 3137 546 3220 redeant,
568 3144 607 3203 ut
629 3138 748 3221 optimo
771 3138 841 3201 iure
864 3136 1072 3217 Rothius12)
1095 3135 1247 3201 adhiberi

107 3257 203 3320 posse
232 3237 360 3305 dixerit·
380 3241 556 3324 Epitomen
589 3241 632 3307 ad
665 3240 813 3308 Suetonii
847 3245 974 3305 textum
1008 3236 1243 3320 corrigendum.

101 3338 225 3405 ¹Liceat
246 3341 326 3406 mihi
348 3364 366 3408 e
387 3345 500 3410 multis
521 3365 621 3409 unum
641 3344 728 3409 hunc
748 3344 855 3409 locum
877 3341 1002 3430 afferre.

253 3565 383 3613 Epitcms
396 3565 436 3620 4,6.
463 3579 511 3619 sqq.
859 3565 932 3606 Suet
945 3563 1042 3604 claud
1056 3559 1088 3603 28.

142 3647 397 3712 Liberti...ex
416 3657 517 3725 quibus
544 3656 650 3711 Feli·
739 3653 971 3707 Libertorum
999 3648 1154 3719 praecipue
1186 3664 1245 3700 sus-

110 3751 184 3788 cem
210 3737 371 3805 legionibus
394 3740 523 3797 Judaeae
548 3759 650 3812 prae·
702 3740 783 3809 pexit
812 3738 936 3793 Posiden
962 3737 1126 3807 spadonem,
1161 3750 1248 3802 quem

107 3820 182 3875 fecit.
219 3821 402 3881 Possidio
438 3828 566 3883 eunucho
586 3831 650 3897 post
704 3825 791 3878 etism
818 3823 1033 3877 Britannico
1060 3819 1247 3888 triumpho

110 3909 328 3980 triumphum
398 3914 650 3970 Britannicum
701 3911 804 3969 inter,
841 3909 1021 3963 militares
1051 3909 1128 3962 viros
1157 3905 1248 3958 hasta

108 4018 316 4032 *—

182 4069 225 4134 12)
244 4068 274 4122 C.
293 4067 327 4126 L.
344 4069 467 4125 Rotbiue
485 4069 578 4139 praef.
596 4069 633 4123 sd
653 4067 825 4124 Suetonium
842 4082 871 4133 p.
891 4065 932 4121 17.
