2684 4500
645 192 687 253 34

185 361 258 426 Iam
283 361 323 426 ad
346 360 489 426 Neronis
520 362 621 425 vitam
658 361 814 441 uenimus,
860 358 917 424 ubi
949 358 1234 424 luculentissimum

95 465 238 530 occurrit
263 465 456 548 exemplum,
491 485 556 548 quo
580 465 831 543 demonstretur,
868 482 916 541 ea,
952 482 1037 542 quae
1059 461 1177 528 addita
1203 463 1235 526 in

95 569 247 652 Epitome
270 570 456 652 invenimus,
480 589 545 632 non
567 567 609 631 ab
635 568 864 650 Epitomatore
886 585 926 629 ex
948 564 1125 648 longinquo
1149 565 1234 629 fonte

101 672 246 754 repetita
269 694 340 736 cum
364 670 518 737 Suetonio
543 672 763 735 contaminata
787 689 867 751 esse,
899 669 956 733 sed
986 669 1095 751 potius
1118 669 1161 733 ab
1183 670 1235 733 ho·

95 781 180 839 ruine
230 776 372 857 quodam
414 774 601 838 Suetonium
634 774 838 854 alterumque
871 771 1081 854 antiquitatis
1119 772 1235 836 librum

96 881 182 943 inter
205 899 239 942 se
262 883 473 959 comparante
496 877 643 943 Suetonii
671 875 756 940 libro
787 874 961 956 adscripta,
996 874 1037 939 ab
1069 875 1237 958 Epitoma-

96 990 169 1047 tore
193 981 358 1063 exscripta
381 999 460 1046 esse.
486 1017 524 1026 —
550 979 727 1045 Suetonius
744 979 876 1042 enimin
892 979 960 1041 rita
976 976 1119 1042 Neronis
1142 978 1235 1062 (Ner.

97 1088 165 1167 48.)
189 1083 312 1148 diserte
337 1089 457 1164 narrat,
481 1083 720 1168 imperatorem,
746 1103 819 1145 cum
843 1080 1015 1162 imperium
1038 1080 1107 1145 eius
1130 1080 1236 1145 Vindi-

98 1191 143 1252 cis
167 1194 201 1252 ct
217 1183 347 1250 Galbae
361 1185 538 1250 rebellione
560 1187 593 1249 in
609 1205 767 1248 summum
784 1183 958 1247 discrimen
973 1191 1124 1248 uocatum
1144 1189 1236 1266 esset,

99 1293 141 1355 ab
165 1291 313 1355 omnibus
336 1288 404 1352 lere
427 1289 539 1352 amicis
562 1287 752 1351 derelictum
776 1291 809 1350 et
833 1285 969 1367 abipsa
992 1289 1135 1352 statione
1158 1287 1237 1352 mili·

98 1402 169 1458 tum
194 1392 386 1456 destitutum
409 1390 517 1455 Roma
539 1390 671 1472 fugisse,
707 1394 863 1471 quattuor
897 1390 973 1454 solis
997 1391 1236 1471 comitantibus

99 1497 185 1560 inter
223 1516 304 1577 quos
341 1496 439 1558 etiam
463 1492 585 1576 Sporus
618 1498 697 1559 erat.
744 1492 920 1558 Suetonius
949 1494 1050 1576 igitur
1080 1498 1237 1575 quattuor

101 1620 173 1662 cum
191 1602 461 1661 commemoraret
475 1595 617 1660 Neronis
630 1596 765 1660 comites
779 1595 888 1674 fuisse,
904 1618 1004 1660 unum
1016 1602 1128 1660 tamen
1143 1595 1236 1661 modo

97 1701 254 1780 nominat,
290 1698 469 1762 sedetiam
501 1698 582 1762 duos
619 1699 774 1778 novimus,
807 1720 944 1782 quorum
974 1698 1073 1763 alteri
1095 1697 1238 1763 Phaonti

98 1823 216 1868 nomen
238 1801 314 1880 suit3
345 1822 416 1864 nam
440 1807 473 1865 et
494 1801 603 1883 paullo
626 1807 732 1882 antea,
756 1801 941 1866 Phaontem
962 1801 1117 1866 libertum
1138 1802 1238 1884 impe·

100 1905 205 1970 ratori
229 1903 451 1968 suburbanum
475 1925 565 1967 suum
590 1903 756 1985 obtulisse,
787 1925 897 1968 rerum
925 1905 1066 1986 scriptor
1097 1903 1235 1969 tradidit

100 2015 133 2072 ct
154 2012 268 2085 postea
291 2006 570 2088 quoqueeundem
595 2007 781 2071 Phaontem
797 2014 1028 2073 commemorat
1049 2007 1237 2090 („hortante

99 2109 213 2174 eodem
236 2109 421 2190 Phaonte“)
457 2110 579 2191 Alteri,
617 2111 674 2193 qui
713 2110 783 2193 ipse
818 2131 949 2192 quoque
985 2111 1122 2175 libertus
1158 2115 1238 2191 erat,

101 2215 159 2298 (sa
192 2211 345 2290 libellis“)
382 2232 499 2275 nomen
535 2213 762 2297 Epaphrodito
801 2212 872 2294 fuit,
910 2234 1007 2295 quem
1048 2221 1134 2278 inter
1166 2213 1240 2277 illos

97 2315 240 2380 Neronis
265 2315 401 2378 comites
423 2313 522 2379 fuisse
544 2315 620 2379 inde
643 2321 790 2399 apparet,
815 2315 904 2398 quod
927 2315 1081 2380 Suetonio
1105 2321 1240 2382 auctore

98 2416 288 2500 imperatori
318 2415 351 2479 in
385 2423 489 2482 morte
521 2418 584 2483 sibi
613 2418 790 2491 adferenda
823 2419 1001 2502 opitulatus
1039 2425 1098 2489 est.
1143 2417 1240 2502 Quod

99 2541 215 2585 nomen
246 2526 366 2602 quarto
395 2520 502 2602 suerit,
532 2542 639 2603 neque
662 2520 835 2587 Suetonius
865 2543 970 2604 neque
998 2522 1064 2587 Dio
1080 2526 1132 2604 ²⁹)
1167 2544 1240 2606 pro·

101 2625 195 2702 dunt;
232 2627 324 2688 extat
353 2624 439 2706 apud
461 2624 732 2708 Epitomatorem,
763 2626 820 2707 qui
842 2624 1008 2690 Neronem
1029 2625 1110 2691 urbe
1134 2647 1241 2709 egres·

100 2748 170 2790 sum
193 2731 320 2790 secutos
344 2746 413 2790 esse
435 2727 628 2809 Phaontem,
654 2728 927 2810 Epaphroditum,
950 2727 1039 2793 Neo
1047 2727 1240 2812 phytum,

100 2829 241 2911 Sporum
264 2829 376 2894 tradit.
422 2827 502 2910 Quis
534 2830 654 2910 credet,
686 2831 948 2913 Epitomatorern
979 2852 1052 2895 oum
1074 2830 1240 2913 hocloco,

100 2941 137 2996 ut
159 2953 259 3014 supra
275 2931 460 3014 significavi,
483 2933 605 2997 librum
628 2933 669 2997 de
685 2932 882 2999 Caesaribus
901 2956 974 2998 cum
990 2933 1148 3000 Suetonio
1166 2955 1241 2999 oon·

100 3035 277 3115 taminarit,
300 3034 396 3099 huius
418 3036 558 3100 nominis
580 3035 655 3100 inde
678 3035 846 3100 hauriendi
868 3056 969 3100 ouusa
983 3057 1101 3101 novum
1122 3038 1242 3103 adiisse

100 3138 240 3222 sontem,
265 3159 307 3201 an
329 3138 430 3202 multo
453 3139 557 3220 magis
581 3145 832 3203 consentaneum
855 3139 905 3203 vel
926 3139 999 3203 luce
1021 3138 1152 3204 videtur
1175 3141 1239 3205 cla·

99 3243 177 3322 rius,
205 3261 277 3305 eum
308 3242 370 3305 hoo
392 3262 508 3305 nornen
535 3242 569 3305 in
592 3239 747 3306 Suetonio
779 3263 837 3306 suo
860 3243 926 3305 iam
948 3242 1105 3326 scriptum
1127 3265 1242 3328 reppe-

101 3342 209 3409 risse?
240 3381 279 3392 -
314 3341 415 3407 Cuius
437 3344 485 3407 rei
516 3345 662 3426 quamvis
697 3345 759 3409 hoe
783 3344 966 3427 exemplum
988 3345 1128 3410 maxime
1151 3367 1242 3430 egre·

103 3469 310 3479 -———-

101 3520 135 3581 is,
156 3519 205 3587 qui
223 3519 366 3579 Caesares,
385 3519 414 3568 et
433 3515 480 3582 qui
492 3515 647 3585 Epitomen
665 3516 815 3586 scripserit,
838 3515 981 3571 Victorem
1000 3515 1172 3586 excerpsisse
1191 3536 1244 3587 pu-

103 3607 201 3657 tentur
219 3604 309 3655 altero
328 3601 364 3655 ab
382 3602 474 3654 altero
493 3619 550 3655 non
568 3602 702 3672 inspecto,
722 3617 814 3671 neque
832 3604 929 3655 tamen
942 3603 1094 3670 quicquam
1106 3602 1244 3672 Epitome

101 3688 244 3759 praebeat
262 3717 296 3726 -
316 3688 391 3755 quod
410 3687 524 3755 quidem
537 3687 574 3740 ed
587 3687 737 3742 Victorem
755 3686 856 3742 referri
874 3688 962 3756 possit
980 3717 1013 3728 —·
1032 3690 1107 3758 qnod
1125 3690 1155 3744 in
1167 3691 1243 3745 libro

103 3776 140 3829 de
159 3774 325 3828 Caesaribus
344 3773 525 3828 desideretur.

186 3912 230 3981 ²⁹)
261 3911 317 3965 Dio
335 3930 392 3966 non
410 3910 495 3966 modo
513 3912 572 3966 tria
584 3915 697 3966 tantum
710 3912 828 3965 nomina
845 3910 963 3983 profert,
981 3914 1031 3968 sed
1042 3918 1101 3969 tres
1115 3912 1240 3967 Neronis

101 3999 222 4053 comites
240 3997 323 4053 luisse
346 3998 506 4066 contendit,
526 4015 590 4053 oum
610 3999 746 4053 Suetonio
766 3999 911 4055 consentit
939 3998 1042 4069 Josipp
1060 4000 1162 4067 (lau),
1195 3999 1247 4068 qui

101 4084 164 4153 ipse
182 4103 296 4154 quoque
315 4089 448 4154 quattuor
478 4085 596 4138 comites
608 4090 825 4143 commemorat.
