2684 4500
602 199 644 260 69

54 369 147 424 cultus
157 367 233 422 facta
242 366 417 422 inforoTra·
445 369 507 422 foro
526 366 583 421 divi
602 364 719 420 Traiani
746 381 804 419 sec·
831 366 951 434 peraret,
981 365 1011 419 in
1040 365 1102 419 foro
1133 363 1190 418 divi

52 455 115 524 jani
133 454 256 508 sectione
274 453 417 508 distraxit.
444 455 521 508 tione
540 453 678 507 distraxit.
831 450 948 504 Traiani
967 450 1126 506 auctionem
1144 466 1188 503 or·

830 539 1028 590 namentorum
1054 535 1188 604 imperia·

829 623 899 675 lium
917 623 987 677 fecit
1001 623 1190 691 vendiditque

89 731 156 767 vasa
186 729 284 778 aurea,
316 711 418 780 pocula
470 727 537 764 vasa
567 727 664 779 aurea,
697 710 800 778 pocula
861 725 947 762 aurea
964 710 1066 778 pocula
1085 713 1113 763 et
1130 727 1190 778 cry-

55 796 418 868 crystallina,etmurrhina,
437 797 599 865 crystallina
626 801 655 850 et
673 797 801 849 murrina
826 795 940 847 stallina
984 798 1013 848 et
1056 795 1190 860 murrina,

54 886 220 939 uxoriam
255 903 294 938 ac
324 900 417 936 suam
437 883 596 937 uxoriam
632 901 669 936 ac
703 899 799 935 suam
826 897 893 933 vasa
922 880 1008 935 etiarn
1038 881 1115 950 regia
1146 886 1189 936 et·

55 974 209 1028 sericam
245 975 274 1025 et
305 987 418 1024 auream
437 970 589 1023 sericam
625 972 654 1022 et
684 984 799 1022 auream
826 970 933 1021 vestem
952 969 1189 1022 uxoriamse-

55 1065 181 1124 vestem,
217 1058 307 1111 multa
338 1073 418 1109 orna·
436 1060 556 1121 vestem,
593 1056 683 1107 multa
717 1071 799 1106 orna·
825 1052 912 1105 riam
930 1057 959 1107 et
977 1057 1112 1118 auratam,

54 1150 151 1200 menta
169 1160 359 1214 gemmarum:
385 1160 418 1194 ac
437 1146 533 1195 menta
551 1157 742 1209 gemmarum:
767 1156 800 1192 ac
861 1157 985 1208 gemmas
1085 1144 1113 1194 et
1140 1158 1191 1210 per

54 1251 108 1303 per
153 1233 225 1285 duos
272 1229 419 1282 continuos
437 1226 800 1296 pcrduoscontinuosmen-
828 1225 897 1278 duos
932 1225 1048 1293 quidem
1082 1244 1191 1280 menses

54 1333 165 1371 menses
183 1315 308 1370 venditio
322 1314 420 1366 habita
438 1331 479 1367 ses
499 1329 531 1367 ca
554 1312 680 1366 venditio
703 1311 801 1364 habita
827 1309 897 1365 haec
908 1312 1035 1365 venditio
1050 1312 1192 1368 celebrata

55 1403 419 1471 est,multumqucaurire-
438 1402 496 1456 cst,
529 1400 706 1466 multumque
741 1398 801 1451 auri
828 1401 877 1463 est,
896 1401 1190 1466 tantumqueaurire-

56 1490 181 1544 doctum.
193 1479 417 1542 Postvictoriam
437 1486 592 1538 redactum.
631 1483 698 1536 Post
711 1485 800 1537 victo·
828 1485 952 1549 dactum,
971 1488 999 1537 ct

56 1574 230 1644 emptoribus
248 1575 339 1642 pretia
435 1572 611 1624 riamtamen
621 1569 795 1639 emptoribus
838 1573 936 1638 postea
946 1571 1058 1625 dederit
1067 1575 1192 1641 potesta·

433 1657 526 1724 pretia
544 1697 549 1708 .
561 1697 567 1713 .
578 1694 602 1711 ..
825 1659 883 1709 tem
902 1659 1083 1725 emptoribus.

142 1747 216 1811 Iam
251 1746 348 1812 facile
384 1745 591 1827 intelligitur,
625 1744 900 1826 Epitomatorem,
936 1765 1008 1809 cum
1041 1747 1191 1829 verbum,

56 1851 233 1932 ‚ministris‘
255 1852 326 1915 loco
349 1849 554 1930 ,ministeriis‘
594 1871 634 1910 ex
656 1847 815 1933 Eutropio
850 1854 1013 1930 repeteret
1047 1855 1080 1913 et
1113 1852 1193 1915 item

58 1975 131 2018 cum
153 1955 350 2036 Eutropium
373 1957 501 2016 secutus
524 1951 622 2015 verbo
648 1955 777 2032 „suam“
801 1950 921 2014 inserto
940 1973 1067 2017 sensum
1088 1960 1192 2018 muta-

56 2063 123 2140 ret,
154 2058 284 2141 propius
313 2056 355 2120 ad
386 2056 476 2119 illum
506 2053 674 2135 accedere,
708 2055 756 2118 ita
783 2060 821 2118 ut
850 2074 886 2117 eo
916 2054 987 2136 ipso
1015 2077 1091 2120 usus
1124 2077 1193 2122 esse

56 2160 223 2247 putandus
244 2161 296 2227 sit.
347 2228 355 2244 ‚

144 2263 269 2328 Iterum
306 2263 456 2346 Opitzius
492 2283 613 2327 errasse
642 2262 780 2342 videtur,
815 2283 890 2326 oum
924 2261 999 2327 inde
1033 2285 1053 2328 a
1084 2266 1191 2347 capite

57 2369 101 2434 39
125 2368 255 2432 omnino
277 2367 398 2432 nullam
420 2367 580 2430 rationem
608 2366 809 2431 intercedere
841 2373 969 2430 censeat
996 2367 1083 2432 iuter
1114 2367 1193 2452 Epi-

57 2479 167 2537 tomen
190 2476 223 2533 et
247 2470 462 2555 Eutropinm;
487 2488 562 2533 nam
593 2465 790 2554 quamquam
824 2475 970 2552 apparet,
994 2469 1194 2553 Eutropium

55 2596 121 2639 non
144 2573 211 2636 iam
233 2572 470 2654 Epitomatoris
493 2573 614 2636 fontem
647 2571 756 2652 fuisse,
790 2578 901 2637 tamen
934 2578 1045 2638 tantus
1087 2595 1194 2640 rerum

56 2681 265 2741 narratarum
288 2696 459 2742 consensus
483 2677 568 2740 inter
599 2696 652 2740 eos
676 2682 776 2758 extat,
799 2682 836 2741 ut
859 2674 899 2739 de
923 2679 1038 2740 ceteris
1055 2684 1192 2761 taceam,

57 2781 201 2844 certain
224 2779 332 2862 capite
355 2779 538 2861 XXXIX,
561 2786 609 2859 ut,
634 2779 710 2861 quin
732 2784 869 2865 uterque
894 2800 931 2843 ex
957 2780 1069 2845 ecdem
1099 2781 1188 2847 fonte

58 2906 117 2947 sua
139 2883 295 2963 hauserit,
318 2904 381 2946 non
404 2883 560 2950 dubitem.

147 2985 239 3066 (lum,
263 3006 346 3067 quae
368 2987 453 3051 ratio
477 2987 563 3050 inter
586 2983 763 3069 Epitomen
786 2992 820 3051 et
835 2987 1034 3069 Eutropium
1056 2989 1194 3053 interce·

58 3091 160 3170 deret,
183 3089 311 3152 facilius
333 3089 597 3170 intellexerimus,
633 3089 795 3154 difficilius
821 3096 870 3153 est
893 3089 1086 3171 diiudicatu,
1122 3113 1195 3156 cum

56 3193 144 3258 idem
167 3191 206 3256 de
223 3193 355 3256 Victore
377 3213 581 3275 quaeramus,
605 3214 701 3276 quem
716 3213 821 3276 neque
840 3193 1032 3258 adverbum
1048 3193 1193 3260 fontibus

55 3297 106 3361 uti
122 3315 227 3378 neque
241 3295 275 3357 in
291 3295 425 3377 singulis
441 3295 582 3360 fontibus
598 3296 802 3378 acquiescere
817 3298 896 3362 satis
920 3297 1049 3361 scimus.
1086 3297 1194 3380 Quam

57 3400 292 3484 quaestionem,
317 3420 389 3463 cum
414 3401 598 3463 accuratius
628 3400 671 3463 sit
703 3398 860 3482 habenda,
895 3401 956 3464 hoc
989 3401 1060 3464 loco
1096 3402 1193 3466 mitto

57 3503 165 3568 facere
189 3522 352 3584 unumque
376 3502 457 3566 satis
480 3501 586 3566 habeo
609 3523 871 3569 commemorare.
925 3503 1008 3568 Cum
1044 3505 1128 3568 enim
1161 3510 1195 3569 et

57 3626 158 3689 supra
181 3603 471 3688 significaverimus,
490 3605 666 3687 Epitomen
687 3604 762 3669 inde
783 3606 926 3688 acapite
941 3605 998 3670 XI
1012 3628 1072 3689 per
1088 3612 1194 3687 totum

56 3710 125 3774 fere
157 3708 307 3773 libellum
330 3729 369 3772 ex
405 3707 526 3772 eisdem
556 3708 717 3790 fontibuS,
752 3714 851 3791 atque
884 3709 1031 3777 Victoris
1064 3709 1191 3790 librum,

58 3812 235 3876 derivatam
258 3831 336 3890 esse,
368 3815 401 3874 et
424 3810 686 3894 Epitomatorem
722 3833 742 3876 a
775 3813 882 3894 capite
916 3812 1192 3878 XI-XXXIX

57 3915 218 3997 Eutropio
243 3914 322 3998 ipso,
346 3915 380 3978 in
410 3918 525 3980 ceteris
560 3937 635 3981 vero
673 3915 836 3998 capitibus
871 3939 991 4002 magna
1024 3939 1063 3982 ex
1095 3904 1191 4000 parte

56 4019 146 4084 illius
169 4017 314 4083 fontibus
336 4040 432 4083 usum
456 4039 524 4083 esse
554 4019 774 4100 statuerimus,
797 4058 839 4068 -
863 4021 963 4086 etiam
986 4021 1135 4089 Victoris
1161 4028 1195 4087 et

59 4122 209 4207 Eutropii
231 4120 337 4187 fontes
360 4143 544 4188 communes
567 4122 674 4204 fuisse,
696 4122 958 4190 concludendum
969 4125 1206 4189 videturesse,

1010 4225 1036 4276 ‘s
