2684 4500
614 193 655 254 67

144 360 363 427 Scholiastam
384 357 447 424 hoc
468 358 540 424 loco
563 360 759 444 Eutropium
790 362 997 446 exscripsisse
1026 364 1114 429 credi
1143 385 1200 429 ne·

56 463 144 546 quit,
176 484 250 528 cum
274 462 353 545 quia
376 482 448 525 eum
470 481 576 544 neque
597 462 712 528 laudat
733 484 888 551 umquam
909 485 1015 552 neque
1040 467 1107 532 ullo
1131 468 1197 533 alio

55 566 128 631 loco
158 566 193 631 in
220 586 311 630 usum
338 569 434 628 vocat
463 568 534 629 tum
567 565 645 651 quia
677 564 809 631 uberius
842 587 912 631 rem
944 571 1067 634 tractat
1100 590 1200 655 quam

55 667 244 751 Eutropius.
289 667 410 753 Itaque
432 666 476 731 sd
498 667 635 732 eundem
659 667 783 732 iontem
803 668 966 734 referendi
987 678 1062 736 sunt
1077 679 1198 739 etcum

58 771 93 835 in
114 770 268 854 Eutropii
290 769 394 851 fonte,
428 767 585 835 Suetonio
608 769 695 851 dico,
729 790 781 835 res
802 772 863 854 ita,
896 777 934 836 ut
961 774 1049 856 apud
1081 774 1198 841 horum

56 878 231 959 utrumque
253 877 387 938 narrata
408 894 473 938 non
495 873 548 952 sit,
569 872 631 937 hoc
654 893 694 937 ex
708 872 864 940 Suetonio
886 874 943 939 illo
966 882 1062 942 aucto
1085 883 1117 943 et
1138 879 1199 943 im·

56 980 185 1041 mutato
206 973 334 1040 fluxisse
358 982 505 1059 apparet.
1228 978 1229 982 ’

144 1077 211 1145 Sed
232 1079 314 1164 quid
335 1077 454 1162 plura?
498 1078 571 1143 Iam
602 1077 644 1142 ad
677 1078 837 1165 liquidum
868 1079 1077 1163 perduximus
1110 1083 1199 1170 quod

57 1179 151 1245 nobis
162 1200 451 1264 proposueramus3
468 1181 579 1266 itaque
594 1178 669 1245 huic
686 1181 841 1264 opusculo
855 1182 922 1247 iam
940 1182 1012 1249 finis
1027 1183 1195 1252 faciendus

57 1289 117 1349 est
162 1281 287 1365 Quodsi
309 1283 362 1348 cui
390 1283 587 1349 sententiam
608 1303 726 1349 rmeam
758 1304 823 1348 non
852 1286 1073 1370 probaverim,
1108 1293 1197 1354 certe

58 1391 166 1450 totam
187 1405 257 1450 rem
278 1406 377 1469 opera
399 1406 471 1452 mea
493 1386 536 1451 ad
559 1385 731 1451 veritatem
754 1387 887 1469 propius
919 1388 1095 1456 adductam
1126 1411 1196 1457 esse

57 1509 155 1571 spero
178 1493 277 1574 atquc
300 1486 436 1557 confido.
482 1489 579 1572 Quod
601 1494 711 1553 autem
732 1488 795 1554 hoc
817 1491 1006 1572 opusculum
1034 1513 1099 1557 non
1129 1515 1197 1559 om-

57 1591 153 1657 nibus
185 1591 327 1656 numeris
360 1591 547 1657 absolutum
578 1597 643 1673 est,
676 1590 875 1684 condonetur
902 1594 1070 1672 materiae,
1104 1615 1198 1680 quam

56 1692 280 1759 difficillimam
302 1714 372 1758 esse
393 1699 606 1777 pertractatu,
628 1693 853 1776 gravissimum
875 1703 1040 1762 auctorem
1058 1694 1194 1761 Momm·

56 1815 171 1860 senum
183 1798 237 1882 ⁵7¹)
257 1797 372 1864 habeo.

525 2052 732 2067 -ι--Ι-

510 2307 750 2418 Excursus.
780 2298 782 2302 ’

146 2475 189 2541 In
210 2477 374 2559 prioribus
397 2478 568 2560 capitibus,
591 2479 747 2561 quoniam
774 2499 847 2543 cum
876 2499 912 2544 re
944 2480 1114 2562 proposita
1147 2480 1197 2545 ita

60 2579 270 2644 coniunctum
293 2585 374 2664 erat,
396 2587 434 2645 ut
456 2581 595 2664 disiungi
617 2602 682 2646 non
710 2587 831 2668 posset,
858 2602 940 2667 quae
961 2583 1048 2647 inter
1074 2582 1193 2647 Eutro-

59 2685 151 2766 pium
175 2687 208 2748 et
222 2680 364 2747 Nostros
386 2684 473 2748 ratio
496 2684 723 2765 intercederet,
747 2685 972 2766 exposuimus3
995 2685 1106 2771 itaque
1129 2686 1195 2749 iam

58 2785 341 2868 operaepretium
369 2792 428 2867 est,
459 2787 563 2869 qualis
594 2788 637 2852 sit
665 2785 748 2850 haec
776 2786 863 2852 ratio
893 2786 927 2850 in
955 2787 1195 2869 posterioribus

58 2886 222 2969 capitibus
244 2908 409 2975 quaerere,
434 2909 532 2974 quam
554 2910 632 2971 rem,
656 2889 803 2972 quamvis
826 2910 956 2973 gravem
984 2895 1017 2954 et
1038 2890 1189 2955 idoneam

60 2989 102 3054 ad
146 2987 251 3054 fontes
281 2994 315 3055 et
355 2989 508 3075 Eutropii
539 2998 572 3057 et
609 2990 808 3057 Nostrorum
849 2992 1060 3075 indagandos,
1096 2993 1194 3079 pauci

57 3091 165 3156 adhuc
185 3093 371 3176 tetigerunt.
413 3160 415 3164 ,

166 3194 221 3260 Ac
243 3197 384 3277 primum
418 3194 550 3282 quidem
580 3197 756 3280 Epitomen
786 3217 859 3261 cum
888 3195 1049 3278 Eutropio
1084 3196 1192 3260 confe-

58 3318 176 3362 ramus.
200 3297 275 3379 Qua
298 3298 338 3363 de
354 3319 390 3362 re
414 3295 562 3381 Opitzius
584 3305 674 3380 (acta
695 3321 727 3382 p.
744 3299 933 3383 aot-269)
956 3299 1091 3381 censuit,
1113 3299 1195 3384 Epi·

58 3405 250 3465 tomatorem
265 3399 428 3483 Eutropio
446 3401 479 3464 in
495 3401 655 3483 capitibus
670 3399 1002 3469 XII-XXXVIII
1015 3423 1109 3467 usum
1124 3423 1195 3467 esse

57 3502 106 3567 ita
117 3508 236 3582 tamen,
252 3509 289 3568 ut
297 3513 470 3586 praeterea
482 3502 622 3567 alterum
632 3503 754 3569 fontem
763 3503 944 3569 adhiberet.
969 3503 1034 3569 Sed
1045 3503 1195 3587 Opitzius

56 3603 107 3668 bis
129 3624 253 3671 errasse
276 3606 355 3670 mihi
376 3605 507 3692 quidem
529 3605 666 3671 videtur.
711 3606 859 3670 Primum
889 3607 975 3671 enim
1008 3607 1191 3693 quicunque

55 3706 227 3790 Epitomes
250 3728 319 3790 cap.
343 3706 537 3776 XII—XV
568 3707 792 3791 perlustrabit,
826 3709 906 3773 nihil
938 3707 1005 3773 fere
1038 3709 1189 3790 inveniet,

58 3808 145 3896 quod
159 3810 379 3892 Epitomator,
402 3831 496 3896 quem
520 3830 624 3892 paene
648 3811 690 3875 ad
712 3810 846 3875 verbum
867 3810 971 3876 fontes
986 3812 1193 3894 exscripsisse

54 3912 136 3977 satis
158 3912 288 3995 scimus,
312 3912 471 3996 Eutropio
494 3914 557 3996 ipsi
579 3912 699 3979 debere
713 3913 880 3997 putandus
896 3915 948 3980 sit.
986 3911 1194 4000 Quamquam

128 4084 172 4151 ⁵⁷)
191 4082 247 4137 Die
266 4081 390 4152 Quellen
407 4084 458 4139 des
476 4083 667 4154 Hieronymus
686 4102 752 4154 pag.
771 4083 830 4140 683.
