2684 4500
705 213 747 279 38

158 406 242 468 quae
263 405 328 448 non
350 384 445 450 modo
479 405 544 449 non
575 405 615 448 ex
638 383 810 466 Suetonio,
843 384 901 449 sed
922 405 964 448 ne
998 405 1038 448 ex
1065 382 1132 447 ullo
1163 382 1297 465 quidem

156 494 237 554 noto
261 489 431 571 scriptore,
455 487 511 570 qui
534 487 666 570 quidem
688 493 764 552 ante
779 487 978 575 Eutropium
994 508 1046 551 res
1063 486 1296 569 composuerit,

155 591 312 673 originem
335 591 464 655 ducant.
512 588 604 672 Quas
627 611 736 655 omnes
757 611 809 655 res
824 590 1023 673 Eutropium
1043 610 1108 654 non
1131 610 1172 653 ex
1188 589 1294 654 altero

153 693 253 775 fonte,
278 715 342 776 quo
359 700 492 778 praeter
508 692 699 758 Suetonium
714 697 873 775 uteretur,
890 693 1118 775 desumpsisse,
1135 693 1202 756 iam
1217 691 1295 756 inde

154 798 323 879 evincitur,
347 796 435 879 quod
456 798 490 860 in
512 797 656 878 plurium
671 793 849 861 Caesarum
866 797 965 862 rebus
986 797 1087 880 gestis
1106 795 1294 878 descriptis,

153 900 287 987 (01134)
311 899 384 964 dico
409 900 496 983 (cap.
523 903 585 980 12),
611 897 740 964 Galbae
757 899 838 984 (16),
864 896 1006 963 Othonis
1029 898 1111 985 (17),
1134 897 1292 978 Neronis,

154 1009 315 1087 quantum
337 1003 467 1084 quidem
489 1003 523 1067 in
547 1024 616 1085 cap.
636 1005 685 1085 14,
710 1001 789 1084 Titi,
806 1007 964 1084 quantum
985 1002 1018 1065 in
1034 1022 1104 1084 cap.
1128 1003 1295 1086 auertat)

155 1107 235 1171 nihil
257 1107 430 1187 invenitur,
454 1106 542 1189 quod
573 1127 637 1170 non
667 1106 756 1189 apud
779 1107 971 1170 Suetonium
992 1104 1122 1188 legatur
1155 1109 1190 1169 11
1219 1103 1295 1168 inde

153 1209 294 1275 fluxerit.
330 1209 529 1276 Accnratins
552 1229 626 1273 vero
643 1208 866 1275 additamenta
882 1208 949 1292 illa,
973 1208 1084 1291 qualia
1099 1207 1175 1287 sint,
1198 1206 1295 1271 nobis

154 1312 432 1396 perquirentibus,
457 1313 555 1376 etiam
577 1311 679 1377 multo
701 1313 806 1394 magis
829 1312 933 1376 elucet
947 1311 1019 1376 fieri
1034 1331 1099 1375 non
1126 1330 1233 1393 posse,
1258 1316 1296 1374 ut

156 1415 338 1498 Eutropius
361 1415 418 1479 illa
448 1435 488 1479 ex
518 1416 622 1480 altero
649 1415 739 1480 fonte
772 1415 939 1484 adiecerit.
980 1414 1036 1496 ,In
1064 1414 1133 1478 vita
1163 1411 1295 1495 quidem

155 1519 225 1585 Titi
254 1518 434 1602 Eutropius
465 1518 653 1583 Suetonium
686 1519 831 1602 quamvis
864 1517 1043 1599 exscribat,
1076 1516 1151 1581 11111
1184 1522 1294 1580 tamen

155 1621 278 1705 aliquid
300 1621 410 1686 adicit.

334 1759 429 1808 nutrop.
443 1758 514 1812 7,22,2.
928 1757 989 1800 Suet.
1017 1758 1059 1799 Tit
1073 1757 1104 1798 11.

189 1828 288 1880 senatu
301 1827 381 1882 obitu
393 1828 480 1896 ipsius
493 1829 591 1882 circa
608 1844 650 1881 11
661 1843 692 1880 s·
765 1830 908 1882 senatus..
929 1826 1081 1891 concurrit,
1099 1827 1195 1880 tantas
1218 1840 1292 1876 mor·

154 1928 275 1980 peram
308 1913 440 1968 nuntiato
475 1916 577 1967 nocte
619 1912 697 1967 111111-
747 1917 797 1968 tuo
824 1914 932 1983 gratias
957 1912 1017 1980 egit
1047 1911 1203 1978 laudesque
1227 1926 1293 1964 con·

154 1998 198 2066 pit
220 1998 249 2051 in
274 1999 383 2053 curiam
405 2002 434 2053 11
456 2002 552 2053 tantas
576 1999 603 2052 ei
620 2016 694 2053 mor·
749 2000 842 2068 gessit,
862 2003 981 2067 quantas
1006 2014 1041 2050 na
1072 1997 1138 2052 vivo
1155 2013 1293 2074 umquam

154 2086 203 2137 tuo
231 2085 329 2138 laudes
352 2086 515 2154 gratiasque
545 2085 694 2153 congessit,
750 2089 836 2154 atque
855 2084 1008 2155 praesenti.

156 2173 277 2238 quantas
305 2187 359 2224 nec
393 2171 457 2226 1111
488 2186 624 2237 umquam
646 2189 698 2226 nec

158 2256 310 2324 praesenti.

242 2375 349 2441 Simile
372 2376 496 2460 aliquid
525 2380 557 2443 in
580 2381 647 2445 vita
669 2378 810 2443 Neronis
832 2377 983 2443 occurrit.
1038 2376 1092 2441 Ibi
1124 2374 1204 2438 enirn
1226 2372 1294 2437 Eu·

154 2479 280 2562 tropina
302 2479 388 2544 idem
411 2501 451 2545 ex
474 2481 630 2547 Suetonio
652 2480 788 2568 pendet:

332 2599 426 2649 Eutrop.
441 2599 511 2653 7,15‚1.
936 2601 996 2642 Suet
1010 2601 1063 2640 Nar.
1077 2597 1109 2639 49.

190 2684 208 2719 a
226 2669 325 2721 senatu
348 2667 437 2722 hostis
454 2669 602 2738 iudicatus,
632 2687 697 2724 cum
785 2688 814 2724 11
840 2673 953 2725 hostem
978 2686 994 2721 a
1018 2671 1116 2721 senatu
1138 2667 1294 2721 iudicatum

160 2756 359 2819 quaeretretur
390 2752 427 2807 ad
456 2773 589 2824 poenam,
624 2774 696 2823 quae
749 2761 779 2813 et
797 2759 902 2826 quaeri,
926 2761 959 2811 ut
976 2755 1112 2825 puniatur
1136 2770 1216 2807 more
1234 2769 1292 2804 ma·

154 2854 248 2905 poena
276 2842 339 2890 erat
367 2838 434 2892 talis
459 2843 492 2894 ut
520 2843 610 2896 nudus
635 2859 697 2911 per
748 2843 876 2900 iorum..
891 2847 997 2897 etcum
1014 2839 1207 2910 comperisset,
1226 2837 1295 2891 nudi

156 2922 333 2991 publicum
352 2923 481 2979 ductus
504 2927 585 2982 furca
609 2928 696 2996 capiti
749 2928 871 2982 hominia
902 2929 1038 2982 cervicem
1073 2925 1160 2980 inseri
1190 2924 1293 2987 furcae,

155 3007 244 3077 virgis
271 3025 357 3076 usque
384 3011 421 3065 ad
446 3017 568 3066 mortem
597 3014 696 3068 caede·
751 3031 852 3084 corpus
869 3014 957 3084 virgis
976 3015 1011 3069 ad
1029 3029 1129 3068 necem
1146 3010 1235 3065 caedi.

155 3096 234 3164 retur
253 3097 339 3161 atque
368 3095 410 3150 ita
426 3100 696 3169 praecipitare-

158 3185 211 3236 tur
229 3197 245 3232 a
264 3198 358 3235 saxo.

244 3292 277 3349 11
310 3290 420 3351 tamen
451 3293 485 3352 et
515 3308 615 3371 supra
645 3288 744 3353 verba
779 3289 876 3370 ,circa
905 3291 1084 3370 vesperam‘
1115 3290 1149 3351 et
1179 3291 1296 3367 ,nocte‘

157 3388 259 3454 adicit
282 3393 315 3451 et
334 3386 482 3453 hocloco
499 3411 580 3472 eum,
606 3392 661 3474 qui
676 3392 792 3475 capitis
807 3391 980 3456 damnatus
997 3395 1092 3471 esset,
1115 3410 1176 3473 per
1190 3388 1294 3472 publi·

156 3511 231 3554 cum
253 3491 387 3555 (luctum
416 3513 447 3574 ,a
479 3513 558 3557 saxo
587 3494 853 3578 praecipitatum‘
881 3515 950 3559 esse
978 3497 1101 3574 narrat,
1132 3512 1215 3574 quas
1243 3511 1294 3556 res

157 3613 268 3657 omnes
300 3591 474 3660 Suetonius
504 3597 622 3661 reticet
652 3603 685 3661 et
716 3618 799 3680 quas
830 3603 940 3662 tamen
971 3595 1102 3661 aliunde
1130 3594 1296 3658 addidisse

230 3764 273 3831 ³⁴)
293 3763 366 3817 Nam
385 3767 461 3833 quod
479 3767 633 3837 Eutropius
651 3766 811 3838 Caligulam
828 3767 918 3821 filiam
937 3784 952 3820 1
970 3765 1096 3819 Drusilla
1113 3769 1214 3819 natam
1227 3781 1291 3834 cog·

160 3849 267 3903 novisse
286 3851 381 3917 tradit,
400 3869 463 3907 cum
482 3854 581 3908 ceteris
600 3855 629 3907 in
647 3855 732 3907 rebus
749 3853 809 3908 illic
827 3843 950 3907 narratis
964 3851 1130 3906 Suetonium
1149 3853 1295 3918 sequatur,

157 3934 393 3990 verisimillimum
411 3943 454 3993 est
471 3957 536 3993 eum
554 3939 700 3992 nominum
712 3939 897 3993 similitudine
911 3943 1083 3993 commotum
1101 3936 1295 3990 Drusillam

157 4037 223 4074 cum
242 4021 379 4078 Caesonia
397 4026 564 4092 confudisse,
589 4043 674 4093 quam
688 4023 832 4095 Caligulae
850 4024 939 4079 filiam
956 4024 1065 4080 Juliam
1091 4021 1296 4077 Drusillam

158 4108 301 4177 peperisse
319 4111 469 4167 Suetonius
488 4112 546 4181 (25)
565 4112 669 4180 prodit.
