2684 4500
647 190 689 252 43

306 393 368 444 spa.
382 391 437 441 ma.
878 392 937 435 sua
956 393 969 434 a
990 373 1053 445 (ris)

136 461 259 527 quadam
295 464 383 516 etiam
418 460 463 515 die
489 460 641 514 recordans
728 463 895 517 recordatus
915 463 1058 529 quondam
1076 479 1159 530 super
1168 480 1232 518 coe·

96 546 174 599 nihil
184 563 213 600 se
224 548 357 616 cuiquam
366 547 547 616 praestitisse,
557 542 640 600 venei·
693 566 769 613 nam,
788 549 864 617 quod
881 549 952 601 nihil
971 549 1104 615 cuiquam
1116 552 1176 603 toto
1187 550 1235 606 die

102 634 194 687 raudo
225 634 397 701 coelestique
425 633 510 700 dicto,
547 634 640 698 amici,
692 635 890 705 praestitisset,
922 633 1138 688 memorabilem
1155 635 1236 690 illam
1305 675 1307 682 .

98 718 148 784 ait,
177 718 352 787 perdidimus
373 717 450 771 diem
468 720 553 785 quia
579 723 641 774 erat
691 722 851 789 meritoque
862 721 1007 774 laudatam
1016 736 1116 773 vocem
1132 721 1236 775 edidit:

97 804 328 872 magnificae
345 804 602 859 liberalitatis.
691 804 810 875 „Amici,
829 807 906 860 diem
923 805 1062 874 perdidi.“

185 961 339 1044 Apparet
351 961 612 1044 Epitomatorem
620 959 777 1026 Suetonio
788 962 950 1043 exscripto
963 959 1126 1026 addidisse
1139 962 1235 1045 „quia

99 1068 172 1129 erat
193 1064 384 1147 magnificae
405 1065 646 1145 liberalitatis‚“
670 1084 755 1148 quae
777 1064 876 1129 verba
898 1065 1028 1130 minime
1050 1071 1129 1149 apta
1150 1065 1237 1132 unde

98 1173 173 1232 orta
194 1168 268 1248 sint,
302 1167 465 1255 Eutropio
503 1168 631 1233 demum
664 1188 737 1231 cum
759 1166 882 1232 Nostro
906 1174 1093 1251 comparato
1116 1169 1235 1233 intelli-

98 1270 215 1354 gimus.
259 1269 295 1334 Is
318 1272 403 1335 enirn
439 1271 619 1336 cumidem
642 1270 730 1353 quod
752 1269 926 1337 Suetonius
948 1271 1069 1345 tradat,
1100 1274 1162 1336 toti
1184 1278 1229 1337 ta·

99 1396 175 1439 men
197 1373 332 1456 periodo
354 1374 454 1439 verba
479 1373 796 1454 „liberalitatis
821 1379 969 1439 tantae
999 1373 1102 1439 fuit“
1136 1396 1229 1459 prae-

99 1478 204 1561 ponit,
242 1496 326 1560 quae
362 1477 461 1542 verba
482 1477 651 1560 Epitomes
688 1476 912 1542 additamento
943 1477 1140 1560 respondere
1161 1497 1229 1560 per·

100 1580 248 1663 spiouum
272 1585 332 1645 est.
1060 1578 1062 1582 ’

209 1716 302 1800 Quae
350 1717 436 1782 inter
474 1716 671 1800 Eutropium
718 1722 752 1782 et
798 1716 1059 1800 Epitomatorem
1102 1719 1238 1784 interce·

100 1819 151 1885 dit
190 1819 410 1901 necessitudo,
459 1841 532 1884 cum
573 1820 650 1884 inde
698 1820 875 1903 repetenda
909 1821 967 1904 sit,
1003 1819 1091 1903 quod
1124 1821 1239 1887 eodem

98 1923 151 1988 usi
186 1928 262 1988 sunt
292 1921 396 2005 fonte,
430 1928 464 1988 et
500 1923 655 2006 quoniam
677 1928 816 2006 uterque
853 1944 927 1987 cum
963 1920 1119 1988 Suetonio
1155 1925 1238 1989 mire

46 2016 48 2018 ’
100 2026 281 2108 conspirat,
316 2027 448 2092 credere
482 2027 641 2108 cogimur,
680 2045 718 2089 ea
750 2046 833 2108 quae
867 2024 1018 2106 tradunt,
1052 2025 1119 2089 iarn
1151 2026 1239 2115 apud

99 2127 306 2210 Suetonium,
344 2150 406 2212 quo
443 2127 638 2208 utebantur,
684 2127 807 2210 scripta
843 2126 958 2210 fuisse,
994 2128 1029 2193 id
1065 2134 1114 2194 est
1151 2127 1239 2213 apud

100 2230 293 2297 Suetonium
328 2253 393 2297 non
428 2237 521 2296 modo
558 2237 693 2295 auctum
730 2229 788 2301 sed
825 2231 924 2295 etiam
958 2231 1140 2314 paullulum
1175 2232 1235 2295 im·

101 2340 274 2399 mutatum.
1028 2343 1031 2347 ’

186 2470 275 2536 Nam
297 2470 497 2550 Suetonium,
521 2491 649 2553 exque
673 2475 706 2534 et
717 2468 876 2535 Nostrum
901 2477 935 2535 et
947 2471 1147 2559 Eutropium
1158 2493 1237 2556 pen·

101 2578 177 2636 dere
212 2573 431 2638 intelleximus
465 2593 530 2637 non
566 2572 661 2638 modo
684 2579 817 2638 auctum
840 2573 898 2639 sed
921 2575 1020 2640 etiam
1041 2574 1237 2659 quibusdam

99 2675 179 2740 locis
202 2675 407 2740 immutatum
430 2675 537 2756 fuisse,
561 2696 634 2740 cum
649 2697 690 2741 ex
710 2675 787 2758 illis,
810 2697 892 2760 quos
914 2677 1020 2756 attuli,
1041 2677 1122 2743 loeis
1137 2699 1237 2764 appa-

100 2783 161 2861 ret,
185 2782 252 2843 tum
275 2779 415 2844 maxime
437 2799 477 2844 ex
498 2779 548 2844 his
571 2779 706 2862 duobus,
744 2778 802 2863 qui
823 2779 923 2845 iidem
943 2779 1110 2846 luculenta
1132 2801 1239 2845 exem·

100 2882 154 2960 pla
188 2882 255 2946 sint
290 2882 364 2946 miri
400 2881 568 2947 cuiusdam
590 2903 777 2965 consensus,
811 2883 869 2968 qui
901 2883 988 2948 inter
1016 2881 1176 2949 Nostrum
1205 2888 1238 2950 et

50 3028 53 3031 ,
100 2984 298 3067 Eutropium
319 2984 502 3052 intercedit.

115 3127 116 3133 ’
185 3121 318 3186 Invita
340 3122 425 3186 enim
446 3121 591 3205 Augusti
613 3123 717 3207 (Aug.
740 3123 798 3206 21)
813 3121 1001 3205 Suetonius,
1025 3141 1234 3204 quacpraec-

101 3225 171 3290 lare
192 3225 249 3289 ille
270 3225 407 3308 gesserit
430 3245 639 3306 enumerans,
669 3225 809 3308 primum
830 3225 968 3309 populos
990 3225 1149 3306 nominat,
1179 3223 1238 3307 qui

102 3327 143 3393 ab
170 3348 208 3394 eo
231 3326 345 3392 domiti
368 3332 401 3393 et
423 3326 550 3392 subacti
571 3328 647 3410 sint,
670 3332 741 3393 tum
762 3326 863 3393 Indos
882 3335 916 3394 et
928 3327 1076 3413 Scythas,
1098 3332 1137 3391 ut
1159 3327 1239 3392 ami-
1310 3409 1313 3415 .

103 3432 215 3496 citiam
247 3430 359 3513 populi
381 3429 525 3496 Romani
545 3435 706 3517 peterent,
730 3436 906 3497 commotos
930 3451 999 3496 esse
1020 3434 1143 3510 narrat,
1165 3449 1239 3512 pos·

100 3541 206 3599 tremo
228 3532 374 3598 Parthos
395 3534 545 3616 pluribus
566 3533 606 3597 de
627 3554 727 3617 regno
751 3533 953 3599 certantibus
977 3554 1051 3598 eum
1073 3531 1235 3597 arbitrum

51 3636 54 3643 ’
100 3638 221 3703 adiisse
243 3636 357 3706 tradit.
400 3636 554 3719 Epitome
576 3641 703 3717 autem,
738 3636 867 3702 cumin
895 3636 992 3702 rebus
1020 3656 1093 3701 cum
1119 3632 1234 3699 Sueto·

101 3741 155 3804 nio
192 3740 386 3820 consentiat,
419 3739 566 3804 ordinem
598 3743 708 3803 tamen
733 3745 850 3806 mutat.
898 3738 1010 3805 Primo
1044 3739 1130 3803 enim
1160 3737 1233 3802 loco

101 3843 209 3926 (Epit.
235 3846 300 3924 1,7)
322 3848 434 3925 gentes
456 3842 569 3924 victas,
592 3847 664 3907 tum
685 3844 774 3929 (l,8)
795 3841 948 3924 Parthos,
971 3847 1135 3930 postremo
1158 3843 1238 3922 (1,9)

101 3946 199 4013 Indos
221 3951 256 4012 et
277 3946 416 4031 Scythas
439 3951 685 4028 commemorat3
722 3946 758 4011 id
779 3944 867 4030 quod
889 3951 978 4010 corte
1000 3940 1239 4029 Epitomatoris
