2684 4500
647 141 689 201 30

100 335 298 412 „postquam
320 326 363 390 ad
384 327 553 393 libidinem
574 327 680 390 minus
702 325 925 390 ui1·iumerat“
948 321 1232 409 apudSnetonium

100 454 175 497 oum
190 430 316 495 Nostro
339 430 493 495 collatum
517 431 727 510 desideraret,
752 431 798 494 eis
810 429 967 520 neglectis
979 428 1114 511 scripsit
1139 429 1231 512 (Epit.

104 542 153 615 11,
178 537 226 621 7);
256 532 455 617 „Segnisque
486 535 624 601 ridicule
648 535 781 601 remotis
804 533 955 598 omnibus
979 553 1168 598 muscarum
1188 556 1232 616 ag·
1278 602 1281 625 ,

101 639 189 703 mina
202 640 471 720 persequebatur.
506 639 672 705 Furens
688 639 886 720 libidine,
903 637 992 702 cuius
1013 635 1148 703 foedum
1156 661 1233 704 exer·

100 743 215 807 citium
239 741 441 808 Graecorum
468 744 579 828 lingua
608 745 825 832 ,κλινοποὶληνί
857 741 1026 825 vocabam,
1057 743 1117 808 ubi
1147 744 1234 810 verba

99 844 232 928 „furens
268 846 423 911 libidine“
466 849 551 913 idem
585 850 696 914 volunt
736 855 835 930 atque
872 846 1074 912 Suetoniana
1104 849 1234 928 „nimiae

100 951 266 1016 libidinis“
289 949 394 1036 (Suet.
419 952 543 1019 Domit.
568 957 635 1021 22⁸.

186 1054 494 1120 Luculentissimum
517 1078 591 1120 vero
614 1055 795 1138 exemplum
812 1061 845 1120 et
860 1055 900 1119 de
926 1075 991 1137 quo
1008 1053 1165 1119 dubitare
1179 1074 1236 1118 non

99 1161 209 1242 liceat,
231 1161 263 1223 in
287 1158 429 1224 Neronis
451 1167 556 1224 morte
579 1160 753 1224 oocu1·rit.“

308 1283 368 1331 Eplt.
383 1282 402 1335 o,
417 1282 436 1324 a.
898 1279 960 1320 cass.
974 1277 993 1330 ὃ,
1007 1278 1037 1318 lt.

135 1366 217 1420 Tune
231 1366 332 1428 Galba,
354 1368 510 1437 Hispaniae
524 1386 644 1438 procori·
729 1369 774 1422 Ac
803 1369 833 1420 ni
867 1366 968 1432 Galba,
1004 1365 1052 1434 qui
1083 1363 1237 1434 Hispaniae

97 1453 150 1519 sul,
170 1458 197 1506 et
216 1455 297 1508 Caius
310 1453 404 1509 Julius
423 1455 571 1524 imperium
584 1473 644 1508 cor·
695 1453 879 1523 praesidebat
899 1492 906 1507 .
926 1491 934 1506 .
957 1450 1077 1520 imperio
1109 1454 1236 1520 correpto

101 1540 220 1607 ripuere.
255 1539 642 1596 UbiadventarerleroGal·
696 1540 869 1593 subvenisset
983 1554 1083 1592 verum
1102 1537 1162 1591 eius
1193 1537 1238 1591 ad-

100 1625 165 1677 bam
185 1624 292 1690 didicit,
319 1631 487 1696 senatusque
505 1629 644 1682 sententia
694 1629 782 1680 ventu
801 1625 893 1694 (Suet,
911 1625 958 1679 49:
988 1624 1115 1693 legitque
1144 1640 1173 1676 se
1192 1623 1237 1676 lio·

98 1711 295 1777 constitutum,
331 1717 363 1764 ut
395 1730 474 1766 more
505 1715 643 1768 maiorum
697 1717 901 1766 stemasenatu
914 1710 1070 1765 iudicatum
1089 1713 1119 1763 et
1131 1707 1238 1776 quaeri,

101 1797 176 1852 eollo
195 1797 224 1849 in
237 1797 345 1851 furcam
358 1800 488 1853 coniecto
501 1802 587 1871 virgis
608 1803 644 1856 ad
695 1803 728 1852 ut
751 1798 885 1868 puniatur
914 1814 993 1851 more
1010 1795 1151 1849 maiorum

100 1901 198 1939 necem
232 1881 409 1951 caederetur,
441 1886 566 1940 desertus
590 1904 641 1939 un·
694 1901 761 1940 eum
798 1883 990 1952 comperisset,
1020 1881 1089 1935 nudi
1119 1880 1238 1935 hominis

98 1972 185 2039 dique
197 1970 386 2024 noetismedio
395 1989 522 2042 egressus
535 1973 642 2036 urbem,
694 1971 837 2024 cervicem
867 1970 954 2024 inseri
992 1968 1101 2031 furcae,
1138 1982 1237 2035 corpus

98 2057 281 2124 sequentibus
294 2056 417 2122 Phaone,
431 2059 639 2129 Epaphrodito,
693 2056 781 2124 virgis
800 2055 837 2109 ad
848 2072 947 2109 necem
976 2054 1083 2124 oaedi);
1115 2053 1237 2107 desertus

99 2141 306 2210 Neophytoqne
338 2150 367 2198 et
396 2145 522 2213 spadone
541 2145 641 2214 Spore,
694 2143 818 2210 undique
848 2140 941 2212 (Suet.
973 2139 1022 2195 48:
1052 2140 1089 2194 ad
1118 2139 1236 2192 mediam

101 2245 185 2295 quem
204 2229 345 2296 quondam
365 2235 507 2282 exsectum
519 2230 642 2284 formare
696 2230 758 2283 fere
776 2233 889 2282 noctem
913 2225 1051 2280 excitatus
1135 2241 1235 2293 equum

98 2315 129 2366 in
141 2315 288 2367 mulierem
298 2318 469 2380 tentaverat,
483 2323 572 2370 semet
583 2318 644 2371 ictu
697 2315 839 2368 inscendit
857 2318 994 2382 quattuor
1018 2311 1084 2366 solis
1103 2311 1235 2366 comitan-

99 2399 187 2464 gladii
205 2401 349 2471 transegit,
379 2402 531 2455 adiuvante
557 2404 646 2472 trepi·
697 2402 786 2470 tibus)
801 2400 856 2454 nisi
870 2400 905 2453 ab
917 2399 1050 2468 spadone,
1063 2413 1235 2466 quemquon·

100 2488 218 2541 dantem
237 2505 352 2542 manum
371 2489 490 2558 impuro,
521 2489 556 2543 de
587 2507 642 2558 quo
699 2487 766 2541 dam
784 2489 927 2540 exsectum
945 2485 1067 2539 formare
1085 2485 1116 2537 in
1138 2483 1234 2537 mulie·

94 2572 226 2636 diximus,
245 2575 382 2631 eunucho.
694 2594 755 2630 rem
773 2578 942 2638 tentaverat,
960 2574 1049 2625 semet
1066 2572 1127 2625 iota
1145 2573 1233 2623 trans·

695 2663 763 2730 egit.
802 2661 895 2729 (Suet.
924 2663 958 2713 49
1000 2659 1108 2712 ferrum
1137 2655 1232 2726 iugulo

693 2749 789 2818 adegit
819 2747 933 2802 iuvante
955 2743 1182 2814 Epaphroditoa
1201 2741 1232 2794 li·

691 2833 795 2902 bellis.)

183 2933 352 3016 Videmus,
385 2937 507 3017 quanta
537 2934 717 3004 sedulitate
738 2937 948 3020 Epitomator
974 2933 1116 3004 Victoris
1137 2931 1232 2996 verba

94 3041 261 3124 presserit,
290 3061 374 3123 qnae
398 3038 506 3118 etiam,
535 3059 607 3103 cum
632 3042 825 3108 Suetonium
847 3041 882 3104 in
903 3060 997 3104 usum
1017 3038 1167 3121 uocabat,
1196 3055 1234 3100 na

96 3150 245 3227 mutaret,
268 3144 510 3227 religiosissime
533 3146 677 3212 cavebat.
713 3145 935 3212 Nihilominus
949 3147 1098 3226 apparet,
1121 3140 1234 3226 Epito-

96 3251 256 3312 matorem
271 3244 466 3316 Suetonium
481 3273 578 3335 saepe
600 3253 635 3316 in
657 3271 752 3314 usum
772 3268 905 3315 vocasse
928 3257 961 3311 et
983 3246 1174 3310 narratione
1197 3264 1235 3308 ex

95 3369 135 3414 eo
158 3349 277 3414 hausta
298 3371 350 3416 res
374 3374 414 3417 ex
428 3353 563 3423 Victore
577 3354 699 3438 petitas
721 3371 895 3417 exornasse
918 3355 951 3414 et
972 3348 1165 3430 illustrasse,
1189 3349 1235 3411 ita

96 3459 134 3516 ut
157 3451 357 3519 Suetoniana
380 3456 408 3520 si
430 3459 608 3542 exceperis,
630 3454 828 3521 omniafere
851 3453 894 3519 ab
917 3453 1146 3536 Epitomatore
1168 3458 1234 3516 tra-

94 3555 168 3620 dita
190 3555 279 3639 apud
294 3556 463 3626 Victorem
484 3561 627 3626 invenire
649 3560 763 3643 possis.
807 3556 906 3623 Tales
927 3557 1016 3622 locos
1039 3557 1139 3621 etiam
1152 3555 1235 3619 mul·

95 3665 148 3723 tos
172 3657 287 3724 afferre
309 3682 451 3744 possum,
484 3662 631 3728 conseras
665 3663 796 3746 quidem
824 3662 922 3728 velim
951 3660 1041 3744 Epit.
1065 3665 1095 3742 2,
1118 3664 1139 3724 9
1162 3679 1236 3723 oum

95 3759 192 3832 ans.
214 3765 243 3844 2,
269 3767 289 3826 3
313 3769 346 3827 et
369 3762 450 3830 Suet
471 3767 529 3847 413
560 3765 651 3849 Epit.
673 3771 747 3846 8,3
778 3786 852 3830 oum
881 3762 965 3830 ans
996 3763 1027 3844 8,
1051 3769 1071 3827 6
1094 3767 1128 3827 et
1151 3760 1235 3828 Suet

95 3863 166 3933 Vit.
192 3871 242 3946 16,
267 3871 305 3929 17
315 3887 324 3950 ;
347 3866 437 3949 Epit.
460 3873 491 3949 9,
516 3871 555 3933 12
578 3889 651 3933 cum
673 3866 767 3938 Gaas.
791 3875 821 3951 9,
846 3872 884 3933 ll
908 3866 999 3935 Suet.
1022 3865 1123 3950 Vosp.
1148 3873 1178 3932 8.

182 3967 248 4033 Sed
269 3969 349 4052 quid
379 3972 476 4055 plura
508 3991 590 4054 opus
623 3971 723 4038 sunt?
756 3971 846 4039 Satis
882 3973 949 4039 iam
982 3973 1170 4056 exposuisse
1203 3977 1238 4036 et

84 4072 251 4168 ‘exemplis
281 4075 510 4158 comprobasse
540 4075 621 4141 mihi
643 4075 765 4161 videor,
796 4096 869 4142 eam
890 4077 979 4142 inter
1000 4075 1179 4160 Epitomen
1201 4080 1236 4142 et
