2684 4500
602 191 643 253 65

48 379 109 425 eos
131 378 200 424 non
220 357 284 424 nisi
304 359 427 424 leviora
448 357 752 443 deprehenduntur,
783 365 817 427 et
839 359 1034 427 Suetonium
1063 366 1192 428 auctum

47 462 219 544 extitisse,
250 483 310 540 quo
337 461 555 545 Epitomator,
591 460 785 545 Eutropius,
825 463 971 546 Seruius,
1001 463 1113 543 Lydus
1144 464 1196 529 usi

48 570 182 650 essent,
211 565 294 631 satis
321 561 547 648 comprobasse
576 562 657 628 mihi
686 564 804 630 videor.
853 566 960 632 Unum
989 573 1099 632 tamen
1128 587 1193 631 non

49 690 191 754 possum
213 689 278 735 non
300 666 418 732 dicere.
456 662 619 748 Quoniam
641 666 727 731 enim
740 668 1003 752 Epitomatorem
1025 674 1059 734 et
1073 668 1194 733 Eutro-

47 774 149 856 pium
169 777 257 838 totos
279 791 320 837 ex
342 767 499 836 Suetonio
521 774 619 834 aucto
640 768 783 852 pendere
804 792 995 854 persuasum
1027 771 1194 852 habemus,

52 877 254 959 quicumque
275 893 386 939 rerum
407 871 547 954 scriptor
569 869 612 934 ad
633 871 764 951 eundem
788 893 856 938 eum
878 875 989 939 horum
1004 875 1110 940 altero
1125 871 1202 938 fon·-

51 985 127 1044 tem
155 977 259 1042 -in
287 975 334 1041 eis
363 973 490 1040 sufficet
519 973 632 1057 rebus,
666 996 750 1060 quae
782 975 825 1040 ad
852 978 1015 1060 principes
1042 977 1119 1042 inde
1150 976 1192 1042 ab

54 1081 212 1165 Augusto
226 1098 329 1167 usque
344 1077 387 1145 ad
400 1075 621 1142 Domitianum
635 1079 801 1160 pertinent
812 1115 855 1127 -
866 1079 1054 1147 referendus
1068 1081 1204 1145 videtur

55 1204 144 1264 esse,
179 1181 318 1265 eundem
350 1184 487 1266 apparet
518 1179 673 1247 Suetonio
707 1186 803 1246 aucto
842 1202 935 1247 usum
969 1203 1047 1249 esse.
1103 1182 1201 1265 Quae

56 1286 155 1352 Festi
172 1306 270 1352 causa
291 1289 356 1368 est,
379 1303 476 1371 quem
496 1283 530 1348 in
551 1283 712 1349 breviario
735 1285 965 1352 conscribendo
987 1285 1195 1368 Eutropium,

56 1409 199 1476 quocum
225 1409 323 1473 saepe
351 1387 395 1453 ad
421 1385 555 1452 verbum
586 1388 741 1470 concinit,
762 1389 871 1472 ipsum
893 1390 1023 1455 omnino
1052 1408 1117 1453 non
1146 1388 1198 1452 in·

58 1491 204 1576 spexisse
225 1490 284 1558 sed
303 1490 393 1557 illius
419 1490 542 1556 fontem
570 1491 605 1555 in
634 1512 728 1556 usum
757 1512 888 1557 vocasse
911 1492 1131 1557 Mommsenus
1161 1495 1195 1555 et

58 1594 317 1679 Droysenus⁶⁴)
345 1592 425 1659 mihi
452 1600 693 1677 persuaserunt.
750 1594 869 1681 Itaque
899 1596 1036 1661 Festum
1064 1599 1198 1676 praeter

60 1699 144 1764 alios
164 1694 322 1762 Suetonio
344 1701 440 1762 aucto
467 1716 561 1761 usum
588 1716 658 1761 esse
686 1697 900 1763 statuendum
922 1704 980 1765 est.
1027 1696 1195 1779 Quaeres

62 1821 101 1865 eo
128 1798 346 1880 confirmatur,
369 1798 456 1885 quod
472 1799 634 1887 quaedam
648 1821 701 1865 res
716 1821 780 1865 non
792 1801 896 1866 solum
910 1799 1075 1865 uberiusa
1097 1799 1201 1863 Festo

60 1907 237 1968 narrantur
262 1892 363 1988 quem
385 1900 427 1966 ab
449 1899 620 1986 Eutropi0,
649 1902 706 1966 sed
734 1903 834 1967 etiam
855 1904 988 1986 propius
1019 1901 1062 1966 ad
1083 1899 1202 1967 Sueto·

61 2004 147 2069 nium
177 2024 276 2091 quam
306 2002 350 2069 ed
378 2003 576 2087 Eutropium
605 2003 773 2074 accedunt.
819 2004 872 2070 De
902 2003 1033 2070 Nerone
1064 2003 1199 2090 quidem

60 2106 182 2173 Festus
194 2107 278 2172 haec
292 2104 385 2171 dicit:
407 2107 569 2188 „amisit
582 2107 783 2174 Armeniam
816 2107 912 2172 Duae
926 2108 1012 2172 huno
1028 2105 1200 2171 Romanae

61 2209 210 2293 legiones
232 2208 291 2274 sub
311 2209 421 2293 iugum
435 2229 455 2273 a
470 2207 582 2274 Persis
596 2210 709 2274 missae
725 2216 870 2293 extremo
886 2209 1043 2276 dedecore
1057 2208 1199 2275 Romani

63 2311 229 2378 exercitus
255 2316 460 2376 sacramenta
490 2310 694 2378 foedarunt“.
739 2313 841 2398 Apud
863 2313 1062 2398 Eutropium
1091 2318 1201 2378 eutem

61 2414 146 2481 nihil
166 2413 344 2481 invenimus
365 2412 429 2478 nisi
452 2414 587 2499 (7,14,⁴)
617 2415 829 2497 „Armeniam
851 2417 968 2483 Parthi
996 2416 1207 2481 sustulerunt¹

65 2518 273 2604 legionesque
305 2514 471 2580 Romanas
504 2516 564 2582 sub
596 2517 708 2599 iugum
740 2520 929 2583 misemnt“.
974 2518 1068 2583 Unde
1100 2517 1209 2600 igitur

62 2620 185 2686 Festus
206 2639 376 2684 numerum
388 2620 444 2703 ⁶⁵)
455 2616 626 2706 legionum,
640 2619 726 2685 unde
743 2627 933 2702 ,extremum
949 2620 1089 2685 dedecus
1115 2640 1208 2685 sum·-

63 2723 177 2807 pserit,
199 2720 421 2808 quaerendum
443 2725 507 2805 est;
530 2721 619 2807 quod
641 2723 703 2787 nisi
726 2743 766 2787 ex
780 2723 933 2806 Eutropii
949 2723 1047 2804 sonte,
1062 2721 1095 2787 id
1119 2727 1201 2786 este

63 2823 223 2891 Suetonio
238 2829 344 2906 aucto,
366 2824 498 2888 haurire
519 2843 584 2888 non
597 2827 716 2908 potuit,
729 2847 802 2891 cum
821 2827 1013 2910 praesertim
1028 2823 1210 2892 Suetonius-

64 2927 162 3010 (Ner.
187 2927 246 3014 39)
270 2927 310 2992 de
332 2926 529 3010 ,ignominia‘
552 2935 784 2996 commemoret
814 2934 847 2994 et
876 2929 964 3008 (Ner.
985 2930 1044 3015 40)
1074 2929 1115 2995 dc
1136 2928 1210 2994 Ae>

64 3030 175 3096 menia
197 3030 387 3112 ,amissa‘,
416 3029 503 3115 quod
525 3030 657 3096 verbum
681 3031 770 3114 apud
793 3031 929 3098 Festum
957 3031 1053 3098 redit.
1075 3068 1117 3080 -
1140 3029 1203 3096 Oui

65 3132 206 3219 denique
231 3131 279 3196 rei
303 3132 403 3197 etiem
425 3130 528 3214 favet,
559 3133 647 3219 quod
667 3135 701 3198 in
723 3135 868 3218 Augusti
897 3134 994 3199 rebus
1019 3134 1121 3217 gestis
1148 3133 1211 3198 de·

66 3235 200 3320 scriptis
222 3233 309 3299 idem
332 3233 412 3300 ordo
434 3255 545 3300 rerum
566 3241 774 3301 narratarum
802 3237 889 3320 apud
910 3237 1046 3302 Festum
1075 3236 1212 3301 videtur·

67 3357 149 3421 esse,
171 3357 268 3424 quem
290 3358 311 3402 a
333 3335 489 3404 Suetonio
510 3336 715 3403 recedentem
738 3345 772 3405 et
794 3338 946 3422 Epitome
969 3345 1003 3404 et
1024 3338 1212 3417 Eutropius·-

66 3445 276 3506 seruaverunt
298 3444 332 3505 et
354 3460 449 3527 quem
471 3440 555 3505 hanc
577 3439 619 3505 ob
641 3461 711 3506 rem
725 3442 881 3509 Suetonio
904 3448 1001 3507 aucto
1022 3441 1202 3526 tribuimus.

64 3540 154 3630 (ride
175 3562 275 3626 supra
294 3564 369 3626 pag.
390 3544 460 3629 41.)

153 3643 345 3712 Ceterorum
366 3647 572 3730 scriptorum,
595 3646 682 3730 apud
704 3653 786 3730 quos
801 3645 950 3713 Suetonii
967 3647 1054 3713 aucti
1069 3647 1215 3730 vestigia.

138 3818 182 3886 ⁸⁴)
199 3816 236 3872 In
252 3816 387 3887 Eutropii
404 3817 536 3873 editione.

141 3905 185 3972 ⁸⁸)
212 3902 287 3961 Nem
326 3904 402 3973 quod
444 3902 574 3958 lacobius
603 3920 753 3960 numerum
770 3904 849 3959 illum
879 3921 913 3960 ex
937 3903 1070 3975 Eutropii
1099 3900 1212 3957 verbis.

66 3989 155 4045 duae
172 3990 270 4043 tamen
287 3988 340 4043 sub
358 4005 392 4044 eo
408 3988 574 4060 provinciae
592 3989 684 4045 factae
703 3993 786 4058 sunt,
805 3994 900 4045 ortum
918 4006 978 4045 esse
1002 3988 1115 4056 conimt,
1131 3986 1214 4042 mihn

66 4071 182 4143 quidem
200 4089 259 4127 non
276 4072 421 4143 probatur.
