2684 4500
711 204 755 271 46
836 165 855 197 ⁷

157 387 246 444 tome
270 400 343 443 cum
364 383 486 452 narret,
511 398 583 470 cum
599 375 715 441 Tacito
732 374 799 439 solo
817 375 971 455 concinit,
986 374 1042 457 qui
1064 373 1179 458 (Hist'
1198 373 1299 456 3,82.)

159 483 240 547 haec
262 481 360 546 verba
381 482 488 563 ponit:
503 472 536 533 '³³³‘

246 583 393 666 „proelia
414 589 490 648 ante
513 581 629 646 urbem
650 581 755 646 multa
778 586 811 646 et
832 580 932 661 varia,
956 579 1013 643 sed
1035 578 1205 644 Flavianis
1228 597 1303 641 oon·

158 687 231 751 silio
256 687 374 751 ducum
396 685 641 769 praestantibus
658 685 786 766 saepius
808 703 1026 766 prospere
1048 702 1109 764 pro
1133 679 1303 744 Flavianis

159 789 293 854 fortuna
316 794 349 854 et
371 795 469 876 parta
483 789 604 852 totiens
620 787 765 868 victoria,
800 784 1033 854 Vitelliani
1050 838 1057 850 .
1072 834 1079 856 ,
1093 834 1101 851 .
1115 785 1235 869 pulsi
1252 788 1302 851 ..“

242 897 321 956 Item
342 891 453 974 paullo
477 896 552 977 post
566 889 720 976 Epitome
746 889 829 975 (at)
852 889 886 951 in
908 888 973 968 illo,
997 908 1094 972 quem
1108 909 1211 970 supra
1232 888 1303 952 iam

158 996 290 1078 protuli,
304 996 385 1075 loco,
408 995 442 1057 in
461 994 594 1063 Victore
619 1015 687 1057 cum
704 991 860 1058 Suetonio
877 991 1123 1056 contaminando
1140 990 1184 1054 ad
1199 990 1303 1054 verba

161 1097 305 1166 Victoris
340 1096 449 1183 (Gaea.
476 1101 540 1178 8,6)
567 1096 631 1177 „ad
663 1096 768 1160 scalas
802 1093 1000 1158 Gemonias“
1034 1092 1180 1163 addidit:
1218 1093 1302 1175 „ubi

157 1199 320 1281 Sabinum,
344 1200 540 1282 Vespasiani
562 1199 699 1263 fratrem
722 1199 832 1262 necari
847 1198 1071 1279 permiserat.“
1099 1195 1199 1280 Quod
1222 1203 1258 1262 et
1282 1213 1319 1291 a·

163 1303 319 1370 Suetonio
344 1302 429 1383 (Vit.
456 1303 522 1388 15.)
547 1309 580 1366 et
603 1302 774 1370 aVictore
798 1301 881 1387 (8,5)
903 1300 1069 1382 abhorret,
1092 1302 1149 1384 qui
1164 1321 1299 1365 consen-

157 1408 254 1486 tiunt,
293 1404 451 1471 Sabinum
489 1427 565 1470 cum
589 1403 753 1487 Capitolio
790 1410 972 1469 crematum
1003 1423 1089 1484 esse3
1129 1404 1188 1468 sed
1217 1405 1301 1469 mihi

158 1510 288 1592 quidem
311 1509 372 1573 hoc
395 1528 467 1571 cum
484 1507 600 1573 Tacito
624 1505 855 1572 conferendum
876 1505 1005 1572 videtur
1026 1527 1105 1588 esse,
1129 1507 1188 1589 qui
1203 1507 1295 1588 (hist.

158 1617 187 1694 3,
197 1612 251 1696 74)
273 1611 355 1675 haec
382 1611 503 1677 tradit:
540 1609 701 1691 „Sabinus
733 1615 767 1674 et
789 1604 924 1674 Atticus
954 1610 1080 1674 onerati
1102 1609 1229 1674 eatenis
1253 1610 1298 1674 ad

161 1714 330 1782 Vitellium
360 1712 451 1777 ducti
468 1761 474 1776 .
492 1764 522 1780 ..
560 1713 840 1795 excipiuntur...
864 1717 1007 1776 stantem
1042 1733 1102 1795 pro
1140 1712 1302 1795 gradibus

157 1816 284 1882 Palatii
310 1815 468 1884 Vitellum
482 1864 489 1881 .
503 1867 532 1882 ..
555 1816 732 1898 pervicere,
755 1822 793 1879 ut
815 1814 1006 1882 absisteret:
1028 1819 1099 1880 tum
1115 1813 1303 1880 confossum

158 1919 465 2000 conlaoeratumque
482 1924 516 1982 et
531 1918 674 1984 abscisso
691 1917 798 2000 capite
813 1923 965 1983 truncum
988 1938 1135 2000 corpus
1150 1916 1303 1982 Sabini

156 2023 194 2084 in
211 2018 424 2084 Gemonias
440 2021 628 2106 trahugnt“
646 2026 679 2085 et
692 2021 801 2104 paullo
811 2025 886 2103 post
899 2020 990 2104 (hist.
1004 2022 1033 2102 3,
1042 2022 1099 2105 85)
1112 2025 1303 2102 „postremo

159 2123 201 2188 ad
225 2121 414 2204 Gemonias,
437 2124 494 2187 ubi
517 2144 633 2205 corpus
657 2123 763 2188 Flavii
786 2123 900 2189 Sabini
921 2123 1073 2202 iacuerat,
1088 2120 1300 2206 propulere“.

245 2225 338 2307 Quae
361 2225 560 2305 Taciteass)
584 2225 672 2308 apud
694 2225 956 2308 Epitomatorem
978 2231 1048 2291 tam
1078 2225 1178 2291 exilia
1209 2231 1301 2309 sunt,

158 2334 197 2392 ut
218 2328 381 2391 neminem
415 2347 484 2391 esse
506 2332 628 2409 putem,
665 2330 721 2410 qui
753 2328 835 2393 haec
857 2329 1130 2416 ¹Epitometorem
1153 2329 1226 2411 ipso
1258 2349 1301 2394 ex

160 2428 278 2493 Tacito
300 2429 464 2512 hausisse,
487 2429 586 2493 immo
611 2450 684 2494 eum
706 2431 787 2495 haec
808 2433 842 2495 in
865 2431 1020 2496 Suetonio
1043 2452 1101 2497 suo
1127 2430 1301 2514 adscripta

154 2530 273 2614 legisse
296 2531 509 2596 statuendum
546 2537 605 2599 est.
652 2532 748 2597 Unde
778 2532 843 2614 ille,
877 2535 933 2617 qui
967 2532 1158 2600 Suetonium
1192 2537 1299 2618 auxit,

158 2636 341 2721 sumpserit,
364 2641 472 2700 utrum
495 2657 535 2700 ex
558 2636 676 2701 Tacito
707 2637 778 2723 ipso
802 2658 844 2701 an
874 2658 915 2701 ex
948 2639 1017 2702 eius
1050 2637 1152 2721 fonte,
1186 2638 1297 2704 adhuc

158 2738 287 2804 dubium
309 2743 368 2804 est.

245 2840 314 2904 Iam
338 2840 381 2905 ad
402 2841 541 2906 Dionem
563 2840 785 2923 aggrediamur
808 2847 850 2923 et,
883 2864 967 2926 quae
997 2845 1066 2909 eius
1091 2843 1231 2927 vestigia
1263 2844 1300 2908 in

156 2942 310 3029 Epitoma
333 2941 629 3029 deprehendantur,
652 2943 821 3012 videamus.

243 3048 282 3108 In
304 3046 374 3109 vita
396 3046 523 3129 quidem
547 3046 691 3129 Augusti
713 3047 813 3112 verba
829 3046 993 3134 Epitomes
1009 3050 1139 3136 (1,27):
1165 3049 1299 3131 „morbo

156 3148 293 3229 interiit,
318 3169 512 3231 quamquam
534 3150 593 3214 alii
619 3150 775 3232 scribant,
799 3150 873 3216 dolo
889 3150 1002 3216 Liviae
1017 3153 1216 3218 exstinctum
1231 3173 1298 3218 me·

157 3251 290 3332 tuentis,
313 3271 365 3333 ne,
388 3253 466 3334 quia
488 3253 655 3339 privignae
677 3252 775 3316 filium
797 3254 987 3341 Agrippam,
1007 3275 1111 3337 quem
1132 3255 1207 3321 odio
1240 3277 1299 3322 no·

155 3353 276 3418 vernali
298 3354 331 3416 in
346 3354 484 3418 insulam
499 3356 714 3438 relegaverat,
732 3356 843 3421 reduci
860 3364 1069 3445 compererat,
1087 3378 1125 3424 eo
1140 3379 1297 3424 summam

154 3476 261 3519 rerum
284 3454 415 3542 adepto,
438 3478 560 3544 poenas
577 3457 681 3528 daret.
718 3459 824 3543 Igitur
838 3470 997 3527 mortuum
1012 3482 1069 3527 seu
1082 3466 1251 3527 necatum.
1265 3465 1296 3529 .“

156 3578 225 3621 cum
246 3558 355 3623 Dione
377 3561 487 3623 mirum
509 3567 665 3643 quantum
687 3564 864 3628 concinunt
886 3564 966 3650 (Dio
991 3568 1040 3646 56,
1049 3566 1127 3649 30):
1154 3564 1295 3653 νοσήσας

153 3658 332 3746 μετήλλαξε
354 3667 411 3727 καί
431 3687 504 3727 τινα
525 3661 677 3748 ὑποψίαν
699 3667 757 3730 τοῦ
777 3665 924 3731 θανάτου
941 3661 1041 3732 αὐτοῦ
1055 3664 1075 3755 ἦ
1088 3671 1206 3733 Λιουία
1220 3666 1295 3732 ἔλα-

156 3784 362 3795 ——.-.

236 3831 279 3900 Η)
298 3832 366 3888 Huc
383 3834 470 3888 etiam
488 3834 561 3888 illud
579 3836 760 3890 referendum
778 3840 829 3903 est,
858 3838 934 3906 quod
960 3839 1096 3908 Epitome
1126 3838 1218 3909 (Epit.
1237 3838 1296 3911 7,2)

154 3919 333 3974 consentiens
351 3936 416 3975 cum
432 3919 532 3976 Tacito
550 3921 602 3992 (Η.
621 3921 692 3989 2,50)
717 3925 747 3976 et
764 3920 858 3979 Dione
876 3923 977 3994 (tait)
1002 3924 1110 3979 Othoni
1126 3926 1296 3995 imperatori

155 4004 277 4144 triginta
289 4010 398 4076 septem
411 4023 499 4061 annos
512 4007 571 4077 dat,
588 4010 724 4063 recedens
736 4025 752 4064 a
765 4008 910 4077 Suetonio,
929 4011 977 4079 qui
991 4010 1111 4081 triginta
1128 4015 1193 4067 octo
1206 4028 1297 4069 annos

153 4106 190 4146 ex
212 4091 280 4150 'bct
