2684 4500
720 207 760 267 62
1337 220 1341 277 r

162 371 301 459 advocor
351 379 513 460 σημασίαν
560 373 694 439 καλοῦσι
751 372 807 438 τὸν
860 369 1190 458 καθιερούμενον
1234 372 1303 436 καὶ
1337 374 1341 435 ἶ

162 480 214 540 θα
228 468 490 562 ὠναῦγοαρίῳ
513 475 743 561 προαγόμενον,
771 474 861 541 Suet.
884 474 976 558 Aug.
994 480 1011 538 7
1028 473 1115 556 quod
1136 473 1209 538 loca
1224 495 1300 556 quo·
1337 542 1341 563 Ι

165 598 228 660 que
249 577 401 660 religiosa
423 583 457 642 et
477 579 511 643 in
534 577 650 660 quibus
674 581 871 659 augurato
899 574 995 659 quid
1026 581 1304 653 consecratur,

163 687 304 763 augusta
326 679 501 760 dicuntur).
546 679 615 745 Ubi
637 700 690 745 res
711 681 785 761 ipsa
819 679 953 759 clamat,
982 677 1060 761 quid
1088 677 1197 742 verbis
1228 698 1305 760 opus

165 781 241 847 est?
286 781 448 865 Apparet,
468 789 501 846 et
517 781 665 848 Servium
687 787 719 846 et
735 781 866 866 Lydum
890 803 955 847 non
969 777 1124 846 Suetonio
1141 780 1225 862 ipso,
1250 778 1304 844 sed

163 891 260 950 aucto
284 890 319 949 et
340 891 467 950 mutato
493 906 570 951 usos
592 905 672 950 esse.

248 989 299 1052 At
330 988 359 1052 si
391 986 503 1070 Lydus
541 985 699 1054 Suetonio
743 991 838 1052 aucto
871 1007 951 1052 usus
993 991 1058 1067 est,
1103 985 1204 1051 etiam
1239 985 1303 1050 alia

164 1091 300 1174 vestigia
316 1091 406 1155 aucti
422 1089 570 1156 Suetonii
584 1088 673 1173 apud
688 1109 761 1154 eum
777 1090 919 1155 existant
929 1108 1069 1175 3necesse
1085 1093 1141 1153 est
1168 1089 1301 1170 Fateor,
1338 1086 1340 1091 ⁴

164 1199 199 1259 et
221 1193 279 1258 illa
302 1193 439 1276 vestigia
460 1191 556 1257 facile
587 1191 885 1275 deprehenduntur.
929 1197 999 1257 Iam
1029 1192 1058 1256 si
1086 1191 1173 1256 hunc
1198 1191 1305 1256 locum

163 1294 339 1379 diligenter
360 1294 555 1378 perlegeris,
584 1315 711 1360 mecum
732 1294 842 1359 facies.
887 1298 926 1358 In
948 1294 1032 1360 libro
1056 1294 1142 1359 enim
1172 1295 1231 1377 qui
1259 1295 1305 1358 in·

168 1398 323 1463 scribitur
353 1397 393 1462 de
425 1397 673 1480 magistratibus
696 1401 739 1479 (1,
767 1404 805 1462 12
827 1419 859 1479 p.
884 1398 961 1484 131)
983 1396 1096 1480 Lydus
1117 1396 1305 1481 Augustum
1338 1406 1341 1411 '

164 1506 279 1566 narrat
301 1520 429 1582 semper
451 1501 587 1565 vestitus
611 1500 742 1583 antiqui
772 1505 935 1564 amantem
965 1497 1083 1582 fuisse,
1112 1497 1306 1565 Suetonium

160 1603 307 1683 laudans,
331 1602 386 1689 qui
409 1602 496 1666 idem
515 1601 583 1667 fere
600 1601 770 1666 simillimis
785 1601 891 1666 verbis
906 1601 1009 1666 tradit
1031 1600 1155 1688 (ἰδόντα
1171 1600 1233 1688 γὰρ
1250 1651 1257 1666 .
1272 1649 1302 1667 ..

161 1704 251 1781 τινὰς
275 1707 338 1769 τῶν
360 1702 523 1786 Ῥωμαίων
545 1703 602 1769 ἐπὶ
624 1702 662 1768 τὸ
680 1703 878 1790 βαρβαρικὸν
893 1701 1105 1786 ἐσταλμένους
1127 1699 1304 1791 ἀγανακτῆ-

165 1831 285 1873 σαι-
307 1829 345 1872 ac
371 1808 513 1874 visa
545 1806 743 1890 pullatorum
766 1806 874 1888 turba,
903 1806 1192 1892 indignabundus).
1240 1806 1305 1872 Sed

162 1919 273 1977 tamen
296 1911 351 1994 qui
380 1912 562 1976 accuratius
591 1910 664 1975 illos
694 1911 781 1975 inter
812 1929 845 1974 se
875 1909 1092 1991 comparabit,
1123 1909 1303 1992 intelleget,

166 2013 306 2098 Lydum,
324 2035 395 2078 cum
410 2013 509 2079 verba
523 2019 660 2096 poneret
675 2009 740 2089 „og
762 2011 795 2077 ἐν
817 2007 931 2098 ἀκαρεῖ
944 2011 1019 2089 τοὺς
1034 2016 1305 2099 καταχρωθέντας

166 2113 394 2200 ἀποβαλόντας
416 2115 453 2181 τὸ
473 2116 634 2204 βάρβαρον
647 2116 742 2200 μόγις
758 2115 1002 2202 ἐπιγνωσθῆναι
1022 2117 1068 2180 τοῦ
1090 2121 1251 2203 Καίσαρι“
1274 2127 1305 2181 et

166 2239 205 2283 ea
235 2225 273 2283 ut
305 2240 325 2283 a
355 2220 513 2286 Suetonio
542 2221 718 2285 memoriae
750 2218 883 2302 prodita
914 2217 1066 2298 referret,
1101 2216 1302 2300 Suetonium,

163 2342 260 2407 quem
283 2322 414 2405 quidem
435 2322 587 2404 legimus,
610 2343 675 2387 non
698 2328 878 2404 spectasse,
910 2342 983 2386 cum
1004 2321 1052 2386 ibi
1073 2319 1155 2384 nihil
1178 2319 1218 2384 de
1242 2320 1304 2384 hac

161 2445 197 2490 re
221 2429 329 2510 extet3
359 2446 463 2507 neque
490 2430 600 2488 tamen
621 2422 707 2507 Lydi
728 2423 828 2488 verba
848 2424 890 2488 ad
906 2425 1005 2488 alium
1020 2420 1168 2487 Suetonii
1183 2422 1303 2487 librum

161 2529 325 2611 pertinere
350 2528 438 2592 credi
459 2533 584 2610 potest,
608 2527 694 2610 quod
723 2528 794 2610 ipse
824 2527 944 2594 verbis:
977 2527 1052 2611 „nol
1073 2527 1169 2591 τοῦτο
1198 2525 1298 2612 Τράγ-

161 2630 275 2706 κολλος
310 2628 342 2694 ἒν
372 2640 442 2706 τοῖς
475 2631 552 2716 περὶ
590 2625 779 2713 Ao'yoo'oooo
817 2631 1050 2714 διαμέμνηται”
1095 2633 1184 2692 certe
1214 2627 1300 2692 hunc

163 2731 307 2798 libellum
327 2732 419 2797 nobis
442 2733 598 2798 traditum
616 2733 815 2816 significavit.
846 2733 966 2815 Itaque
981 2731 1064 2797 nihil
1080 2730 1169 2796 aliud
1184 2738 1300 2812 restat,

161 2835 224 2898 nisi
256 2842 293 2899 ut
326 2835 411 2900 hano
440 2855 509 2899 rem
540 2837 574 2899 in
603 2835 759 2901 Suetonio
790 2840 885 2901 aucto
916 2838 1203 2900 commemoratam
1233 2855 1304 2900 esse

161 2943 325 3020 putemur.
370 2938 482 3003 Etiam
505 2938 673 3021 aliquanto
697 2939 817 3004 certius
839 2939 901 3003 hoc
923 2937 1011 3002 idem
1041 2935 1134 3002 nobis
1166 2943 1303 3020 apparet

160 3123 254 3190 Festo,
283 3126 331 3194 qui
358 3125 471 3193 quidem
496 3142 512 3178 a
536 3125 639 3180 Paullo
668 3130 817 3195 excerptus
848 3130 899 3191 est,
925 3143 982 3180 uon
1006 3124 1118 3179 fluxisse
1146 3125 1217 3179 iam
1234 3125 1301 3180 inde

160 3209 291 3277 efficitur,
311 3212 387 3277 qnod
404 3211 504 3265 Festus
521 3212 602 3265 illam
620 3228 679 3265 rem
703 3212 793 3265 multo
818 3211 930 3268 brevius
957 3211 1099 3266 tractavit.
1137 3211 1299 3281 (Augustus

159 3295 237 3349 locus
256 3300 371 3349 sanctus
389 3296 424 3358 ab
444 3297 536 3350 avium
558 3300 648 3366 gestu,
673 3297 703 3350 id
723 3302 764 3351 est
788 3282 855 3364 q'uia
873 3297 919 3369 ab,
934 3297 1033 3351 avibus
1051 3295 1229 3366 significatus
1249 3300 1299 3363 est,

160 3380 200 3432 sio
220 3380 324 3449 dictus3
345 3381 403 3435 sive
423 3381 458 3435 ab
473 3383 566 3436 evium
584 3385 703 3454 gestatu,
723 3383 788 3450 quia
801 3399 866 3436 oves
878 3385 976 3451 pastae
990 3383 1019 3436 id
1032 3388 1126 3436 ratum
1146 3383 1300 3447 iecerunt).

159 3463 262 3534 Itaque
282 3466 475 3535 Oudendorpii
493 3469 661 3522 sententiam
679 3468 702 3521 si
721 3485 912 3536 sequeremur,
941 3467 991 3521 ille
1011 3470 1058 3535 qui
1078 3469 1114 3522 ad
1130 3468 1301 3523 Suetonium

160 3550 230 3606 haec
253 3555 340 3608 verba
359 3551 500 3607 addidisse
523 3558 648 3623 putatur,
674 3553 711 3606 ad
736 3554 857 3607 eundem
882 3571 945 3607 oum
971 3553 1055 3608 Festo
1079 3553 1188 3607 fontem
1206 3585 1241 3594 -
1272 3553 1302 3608 id

162 3640 205 3690 est
234 3639 271 3692 ad
304 3637 435 3693 Verrium
465 3640 599 3694 Flaccum
625 3668 659 3678 —
682 3638 846 3694 referendus
867 3643 947 3692 esset.
979 3639 1095 3708 (Confer
1127 3639 1301 3695 Muellerum

160 3721 191 3775 iu
209 3721 287 3778 Festi
306 3723 453 3792 editione).

230 3809 287 3864 Sed
306 3814 384 3864 certe
402 3810 490 3866 verba
507 3811 559 3866 illa
576 3812 643 3866 iude
663 3828 680 3866 a
699 3811 792 3881 ‚qnod‘
811 3828 899 3880 usque
924 3811 961 3866 ad
984 3812 1134 3876 ,dicentur‘
1163 3809 1304 3864 Suetonio

159 3896 215 3965 ipsi
232 3895 402 3951 vindicanda
430 3914 497 3963 esse,
530 3904 559 3953 et
582 3917 617 3954 ex
635 3898 771 3967 Epitome
800 3898 856 3962 1‚1:
885 3898 932 3952 vel
954 3898 1162 3963 ,sanctiori
1186 3896 1301 3950 nomine

158 3981 290 4051 Augusto
308 3984 443 4052 opelloto‘
462 3988 492 4039 et
509 4002 544 4039 ex
561 3986 610 4039 illo
629 3985 705 4054 apud
723 3983 837 4053 Lydum
854 3985 927 4053 loco,
947 4000 1031 4051 quem
1049 3983 1144 4038 verbis
1170 3981 1303 4039 Suetonii

158 4067 308 4124 simillimis
327 4071 372 4125 uti
390 4070 475 4125 modo
494 4069 658 4140 significavi,
677 4070 746 4124 satis
765 4073 892 4139 apparet.
