2684 4500
697 202 715 261 7
720 202 738 262 0

600 367 846 449 Adnotatlc.

237 541 390 606 Andreas
413 540 578 622 Schottus,
603 562 674 605 cum
701 541 820 605 librum
854 540 894 604 de
931 539 1128 608 Caesaribus
1165 542 1291 621 ederet,

151 651 189 711 ut
211 649 282 730 ipse
315 644 402 725 dicit,
434 644 618 727 apographo
653 643 830 708 Pulmauni
860 646 929 709 solo
961 667 1037 710 usus
1071 652 1130 713 est.
1187 646 1293 731 (Vide

151 751 285 816 Iordan.
308 747 449 812 Hermae
472 746 547 814 Vol.
571 750 607 831 3)
632 745 696 828 Qui
718 749 954 813 recentioribus
971 749 1116 818 Victoris
1142 749 1295 814 editioni·

155 857 213 922 bus
236 874 370 940 operam
392 855 563 932 naverunt,
588 849 671 914 alios
694 851 796 916 libros
818 850 853 914 in
876 873 970 916 usum
993 875 1058 918 non
1085 859 1294 919 vocaverunt.

155 959 375 1024 Mommsenus
411 953 548 1036 denique
583 958 775 1018 11111850
801 954 946 1018 codicem
977 956 1137 1039 quendam
1168 956 1296 1020 invenit

152 1061 328 1144 Bruxellis,
352 1058 406 1141 qui
432 1057 610 1140 Originem,
633 1059 718 1123 viros
739 1058 891 1140 illustres,
917 1057 1074 1124 Caesares
1098 1059 1294 1142 complecte-

127 1227 130 1232 .
153 1168 261 1232 batur.
307 1161 409 1228 Cuius
432 1165 464 1226 in
487 1163 593 1225 fronte
612 1183 688 1226 eum
710 1164 892 1244 legeretur:
920 1185 1010 1244 „sum
1035 1163 1198 1229 Theodori
1214 1161 1293 1225 Pul-

152 1270 293 1350 manni,“
330 1265 538 1332 statuendum
574 1267 711 1348 putavit,
748 1266 809 1330 hoo
850 1266 959 1333 codice
994 1264 1161 1332 Schottum
1198 1286 1294 1329 usum

160 1397 238 1442 esse.
286 1362 369 1436 Mihi
394 1392 467 1434 vero
491 1369 635 1451 contigit,
657 1375 694 1434 ut
717 1392 856 1436 novum
880 1372 1009 1453 librum,
1037 1372 1069 1435 in
1091 1368 1294 1435 bibliotheca

155 1477 338 1544 Bodleiano
357 1478 588 1553 conservatum,
614 1474 822 1560 inspicerem3
845 1496 942 1559 quem
972 1496 1045 1539 cum
1059 1473 1292 1553 Mommsenus,

157 1604 221 1666 qua
258 1586 308 1645 est
345 1580 508 1658 comitate,
548 1577 766 1658 impetrasset,
804 1584 842 1642 ut
874 1578 1022 1643 Berolini
1058 1599 1130 1642 cum
1165 1576 1295 1643 Schotti

156 1687 299 1750 editione
323 1683 513 1762 conferrem,
537 1681 644 1746 varias
666 1681 753 1744 illius
776 1681 851 1744 libri
873 1679 1029 1746 lectiones
1045 1681 1120 1745 huic
1135 1681 1293 1763 opusculo

156 1789 311 1854 accedere
333 1787 416 1850 volo.
462 1782 527 1847 Sed
551 1803 622 1846 oum
648 1783 783 1866 longum
805 1784 859 1865 sit,
882 1783 955 1848 illas
970 1784 1117 1848 hocloco
1133 1784 1292 1867 proferre,

155 1915 254 1958 unum
276 1892 338 1955 hoe
362 1907 589 1966 commemoro,
624 1907 662 1950 ex
685 1887 782 1949 variis
805 1887 856 1950 his
879 1888 1070 1952 lectionibus
1099 1888 1293 1953 concluden-

157 1998 234 2061 dum
258 2016 336 2076 esse,
362 1994 506 2057 codicem
521 1989 769 2055 Bruxellensem
794 2011 858 2052 non
881 2010 953 2053 eum
970 2011 1049 2072 esse,
1066 2012 1129 2077 quo
1145 1991 1179 2055 in
1195 1991 1291 2056 eden-

158 2102 198 2166 do
224 2101 360 2170 Victore
384 2095 540 2161 Schottus
564 2115 640 2157 usus
663 2093 715 2158 311.

623 2339 829 2347 -.---.

537 2516 915 2618 Argumentum.

211 2840 401 2919 Praefatio.

32 2997 34 3001 ·
160 2975 240 3058 Cap.
288 2975 321 3040 Ι.
365 2974 544 3037 sententiae
567 2992 689 3051 eorum,
714 2971 769 3053 qui
791 2993 859 3036 rem
874 2972 1076 3054 propositam
1098 2975 1294 3057 tetigerunt;

160 3077 238 3161 Cap.
270 3078 322 3143 ΙΙ.
368 3097 483 3157 eorum,
508 3077 561 3159 qui
586 3096 657 3140 eam
680 3080 914 3157 tractaverunt,
937 3075 1129 3143 refutantur.

367 3181 403 3264 1)
427 3179 451 3244 J
454 3181 546 3262 eepii.
590 3179 628 3262 b)
653 3178 778 3260 Opitzii.
824 3181 856 3261 c)
880 3178 1068 3246 Woelfflini.

139 3283 241 3367 'Cap
257 3284 328 3349 ΙΙΙ.
373 3282 492 3347 librum
514 3282 554 3345 de
577 3279 771 3346 Caesaribus
795 3287 984 3364 excerptum
1005 3303 1069 3347 non
1092 3303 1170 3350 esse.

203 3386 246 3450 A.
293 3406 333 3449 ex
354 3385 439 3450 libro
464 3385 504 3449 de
527 3383 725 3450 Caesaribus
740 3386 812 3468 ipso
838 3385 1075 3468 comprobatur.

292 3490 323 3574 1)
347 3490 476 3572 ingenia
498 3489 645 3558 Victoris
670 3494 702 3552 et
724 3489 962 3571 Epitomatoris
986 3490 1113 3555 diversa
1135 3511 1174 3554 ex
1202 3490 1296 3557 libris

353 3615 372 3657 a
420 3613 521 3660 arere.

291 3679 327 3766 2)
352 3616 464 3758 1111111,
488 3699 572 3762 quae
586 3678 703 3744 librum
724 3679 883 3763 integrum
905 3679 1135 3761 demonstrant,
1157 3679 1192 3744 in
1215 3677 1298 3746 Cae·

352 3783 476 3847 saribus
500 3782 643 3848 inveniri.

205 3886 244 3952 B.
290 3906 329 3950 ex
352 3887 503 3968 Epiruma
526 3886 775 3952 demonstratur.

293 3991 327 4075 1)
350 3989 524 4072 Epitomae
547 4011 673 4056 errores
695 3991 758 4057 nisi
779 3991 812 4055 in
827 3990 979 4056 Suetonio
1003 3987 1214 4057 exscribendo
1230 4008 1296 4055 non

353 4093 561 4178 deprehendi.
887 4095 891 4101 “
