2684 4500
612 219 651 285 61

54 383 303 471 Octaviano⁸¹)
342 392 474 459 nomina
517 391 634 477 fuisse,
672 394 789 479 quibus
825 395 960 463 diversis
995 397 1195 484 temporibus

53 511 130 557 usus
152 497 259 575 esset,
288 489 442 580 Quirino,
465 494 614 578 Caesari,
636 497 798 582 Augusto.
844 496 940 582 Quod
962 503 1075 584 procul
1097 502 1195 570 dubio

56 595 203 677 pertinet
232 594 276 660 ad
301 593 392 667 Suet.
424 598 514 683 Aug.
545 604 575 681 7,
608 600 665 666 ubi
693 600 781 667 idem
811 601 900 684 qued
930 602 1020 685 apud
1047 603 1195 672 Servium

52 693 186 780 legitur,
208 705 437 785 praeterquam
467 702 555 787 quod
575 703 648 768 loco
671 701 842 787 Quirini
879 704 1057 771 Thurini
1079 728 1196 774 nomen

55 804 158 866 extat.
210 798 327 884 Itaque
348 803 411 869 nisi
432 826 453 871 a
475 804 588 872 Servio
604 805 796 873 Suetonium
818 813 902 873 male
919 807 1122 875 intellectum
1137 817 1197 876 aut

58 907 248 986 corruptum
260 925 331 972 esse
341 906 513 992 credimus,
529 909 737 974 statuendum
753 916 812 995 est,
836 911 983 978 Servium
999 932 1064 976 non
1082 911 1195 978 Sueto·

58 1007 123 1088 nio,
145 1026 243 1090 quem
264 1028 323 1074 nos
345 1009 518 1092 habemus,
541 1009 599 1076 sed
630 1030 668 1076 eo
690 1032 785 1077 usum
812 1034 896 1095 esse,
928 1015 984 1097 qui
1015 1013 1076 1078 hoo
1106 1020 1196 1080 certe

54 1109 127 1175 loco
148 1114 297 1176 mutatus
328 1119 425 1180 esset.
463 1113 517 1180 Ne
532 1120 644 1180 tamen
659 1115 730 1197 quia
746 1114 894 1196 Servium
908 1116 1052 1182 levitatis
1069 1121 1195 1200 arguat,

55 1211 256 1279 Laurentius
277 1211 390 1298 Lydus
415 1215 583 1296 subvenit,
605 1217 692 1300 apud
723 1237 819 1300 quem
846 1217 984 1284 eandem
1012 1218 1096 1283 hanc
1125 1230 1195 1283 rem

55 1322 225 1382 narratam
248 1316 439 1385 invenimus.
482 1322 523 1384 In
545 1318 629 1384 libre
652 1320 746 1401 enim,
769 1321 825 1403 qui
847 1321 888 1386 de
902 1321 1069 1386 mensibus
1085 1321 1196 1385 inseri·

56 1417 156 1502 bitur,
180 1420 228 1506 (4,
252 1419 308 1506 72)
332 1421 378 1505 (p.
398 1425 468 1502 101,
492 1421 530 1506 3)
553 1423 609 1504 qui
630 1421 722 1487 locus
744 1421 852 1489 adhue
866 1425 984 1489 mirum
1006 1422 1041 1487 in
1060 1422 1195 1488 modum

54 1520 223 1604 neglectus
245 1527 296 1588 est
317 1521 432 1607 Lydus
453 1524 523 1608 ipse
545 1545 675 1608 quoque
696 1525 762 1590 tria
774 1524 919 1609 Augusti
942 1526 1072 1591 nomina
1101 1523 1198 1592 affert

56 1628 91 1689 et
103 1622 560 1708 loooQuiriniThurini
578 1649 720 1693 nomen
734 1627 878 1694 exhibet.
894 1626 1195 1711 Oredatquispiam,

54 1725 119 1791 hoc
141 1725 270 1811 Lydum
292 1747 332 1793 ex
345 1729 458 1797 Seruio
481 1728 708 1814 desumpsisse,
731 1730 787 1795 sed
808 1751 849 1795 ne
870 1729 932 1795 hoe
954 1731 1085 1813 quidem
1109 1730 1195 1814 eogi-

59 1829 127 1894 tari
148 1835 270 1912 potest,
293 1832 447 1915 quoniam
469 1830 581 1917 Lydus
594 1832 740 1916 Augusti
761 1853 878 1898 nomen
900 1834 1139 1918 interpretatur
1162 1837 1196 1897 et

56 1930 93 1998 id
114 1931 372 2020 Suetonium⁶²)
405 1941 536 2001 secutus
565 1930 770 2020 (Αὕγουστυν
792 1936 826 2002 δὲ
854 1931 1014 2018 Ῥωμαῖοι
1034 1933 1117 1999 κατὰ
1138 1931 1197 2020 τὴν

58 2125 268 2140 ——-

134 2188 178 2257 ⁶¹)
197 2188 332 2245 Conferas
355 2191 441 2246 velim
470 2189 557 2244 etiam
574 2189 653 2260 Epit.
673 2191 713 2256 12
731 2196 760 2246 et
773 2191 851 2247 Caes.
871 2192 920 2256 1‚1.
950 2190 1012 2245 Iam
1024 2189 1111 2244 liceat
1123 2188 1196 2243 mihi

59 2274 138 2330 hune
167 2275 261 2330 locum
291 2279 369 2330 certe
394 2280 558 2349 corruptum
584 2294 692 2332 sanare,
739 2277 813 2332 Nam
841 2281 907 2347 post
935 2277 1031 2341 verba,
1054 2274 1196 2338 ,avunculi

62 2359 202 2417 Caesaris‘
219 2364 296 2417 certe
315 2361 423 2430 aliquid
441 2361 557 2430 excidit,
577 2363 635 2418 eive
654 2363 746 2432 ,Gaius
765 2363 870 2419 Caesar
887 2364 988 2418 dietus‘
1012 2362 1058 2431 (ut
1079 2363 1109 2415 in
1127 2359 1196 2429 upi-

59 2450 138 2500 tcma
157 2444 220 2514 1,2),
237 2446 298 2500 sive
314 2445 429 2501 brevius
458 2447 608 2513 ,Caesaris‘
628 2451 659 2504 id
682 2449 758 2519 quod
775 2448 964 2519 praecedente
988 2446 1088 2501 eodem
1111 2445 1198 2499 verbo

62 2531 147 2586 facile
166 2531 299 2586 excidere
316 2531 420 2602 potuit.

136 2635 178 2705 Η)
196 2633 262 2689 Hoc
280 2635 358 2704 apud
369 2634 482 2704 Lydum
494 2637 558 2691 loco
578 2640 607 2691 et
618 2635 697 2706 aput.
716 2637 756 2702 1,1
775 2635 1011 2705 verbaqueedam
1023 2633 1197 2688 Suetoniane

62 2720 103 2774 ab
128 2719 346 2790 Oudendorpio,
370 2720 537 2788 Woeltelio,
564 2721 673 2777 Rothio
698 2723 793 2779 deleta
817 2721 975 2777 firmantur:
1016 2719 1103 2788 Apud
1130 2718 1200 2774 Sue·

61 2807 176 2860 tunium
194 2806 270 2860 enim
288 2809 378 2876 (Aug.
390 2807 420 2876 7)
438 2806 507 2861 haec
526 2811 626 2862 extent
644 2809 744 2864 verbu:
764 2849 780 2878 „
792 2848 818 2864 ..
834 2849 840 2866 .
859 2805 1071 2878 praevaluisset,
1089 2807 1122 2857 ut
1138 2803 1199 2857 Au·

65 2896 166 2962 gustus
184 2891 279 2963 potius
297 2896 455 2948 uocaretur.
473 2909 531 2947 non
548 2898 660 2948 tentum
677 2911 751 2949 novo
770 2892 819 2948 sed
838 2895 925 2948 etiam
938 2890 1077 2960 ampliore
1095 2906 1200 2959 cogno·

67 2979 151 3035 mine.
196 2977 279 3048 Quod
308 2978 373 3033 loce
400 2994 511 3048 quoque
546 2979 680 3049 religiosa
709 2984 739 3034 et
767 2981 798 3032 in
827 2979 929 3048 quibus
958 2981 1099 3047 augurato
1129 2975 1198 3043 quid

67 3068 258 3131 consecratur,
278 3066 397 3135 augusta
414 3062 553 3135 dieantur,
578 3066 615 3120 ab
634 3071 719 3120 auetu
741 3066 787 3120 vel
809 3065 845 3118 eb
864 3063 957 3119 avium
976 3065 1059 3132 gestu
1074 3064 1201 3130 gustuve,

63 3151 139 3205 sicut
156 3149 245 3203 etiam
262 3148 371 3204 Ennius
389 3150 473 3205 docet
497 3151 638 3205 scribens:
664 3153 810 3222 ,Augusto
839 3149 957 3219 augurio
980 3151 1131 3217 postquam
1160 3145 1203 3199 in·

64 3235 146 3304 clyto
165 3234 280 3291 condita
298 3233 389 3289 Roma
407 3237 474 3289 est.“
499 3262 503 3272 ·
928 3284 929 3288 ,

140 3323 203 3394 Quo
223 3339 258 3376 ex
275 3321 339 3376 loco
358 3325 387 3376 et
404 3321 433 3376 J.
452 3321 486 3376 G.
505 3321 641 3377 Greeuius
668 3327 697 3377 et
715 3321 743 3378 J4
762 3321 938 3386 Gronovius,
965 3337 1029 3374 eum
1047 3315 1203 3374 Suetonius

70 3413 166 3481 ,recta
184 3410 225 3464 eis
243 3406 344 3461 dixisse
362 3407 514 3474 videretur,
539 3409 602 3464 loca
624 3410 743 3480 augurio
762 3411 927 3464 consecrata
951 3405 1010 3460 dici
1036 3404 1155 3472 augusta
1173 3402 1203 3455 et

67 3496 107 3550 sie
126 3495 204 3550 dicte
228 3510 287 3549 esse
313 3494 349 3548 ab
378 3510 497 3562 augure,
525 3510 542 3547 a
570 3510 625 3562 quo
651 3493 900 3549 consecrarentur“
928 3497 1025 3547 cetere
1048 3493 1145 3544 temen
1167 3503 1204 3540 ex

66 3579 178 3648 Paullo,
196 3580 245 3651 qui
261 3579 378 3635 Festum
397 3580 595 3646 contraxisset,
615 3578 746 3634 Suetonii
763 3578 859 3633 verbis
877 3578 1010 3632 immixta
1029 3578 1058 3630 et
1075 3573 1204 3629 tollenda

61 3683 128 3722 ease
148 3669 327 3723 censuerunt.
364 3664 403 3720 Η.
423 3665 644 3736 Gannegieterus
661 3681 729 3718 vero
747 3662 841 3734 (Misc.
863 3663 929 3718 Obs.
955 3662 1023 3718 Vol.
1042 3660 1066 3715 6.
1083 3678 1112 3730 p.
1130 3658 1203 3727 588).

66 3751 287 3821 Oudendorpius
304 3753 402 3819 ceteri,
420 3751 555 3823 „indigne
574 3767 633 3806 esee
655 3750 712 3804 reti
733 3750 783 3804 illa
804 3748 891 3804 verba
917 3748 1059 3804 brevitate
1086 3750 1115 3800 et
1137 3761 1202 3815 gra·

66 3840 157 3895 vitate
175 3839 307 3895 Suetonii
324 3842 354 3893 et
371 3844 471 3895 contra
492 3839 551 3893 eius
570 3853 686 3906 scopum
714 3852 808 3904 neque
826 3838 971 3890 auctorem
987 3838 1048 3888 tem
1067 3830 1205 3884 insulsum

74 3943 142 3994 esee,
171 3932 204 3982 ut
227 3927 403 3982 existimaret
428 3942 600 3996 quemquam
624 3938 673 3977 suo
697 3927 825 3992 tempore
854 3920 962 3976 nescire
995 3915 1065 3986 quid
1082 3914 1206 3984 Augusti

65 4029 173 4068 nomen
191 4011 387 4085 significaret,“
406 4014 499 4067 totum
510 4010 591 4066 illum
610 4009 704 4063 locum
722 4007 788 4062 iude
811 4006 932 4063 everbo
951 4002 1044 4074 ,quod‘
1062 4016 1151 4070 usque
1168 3999 1206 4056 ad

59 4101 128 4164 .‚est‘
159 4099 334 4157 aSuetouio
359 4097 496 4166 scriptum
523 4111 581 4151 non
604 4109 665 4150 esse
688 4095 857 4150 statuerunt
902 4089 961 4146 Sed
981 4089 1032 4144 illa
1055 4086 1144 4144 verbe
1171 4103 1207 4142 ex
