2684 4500
657 189 697 249 52

98 364 271 441 corruptos
288 379 357 422 esse
374 362 600 438 commemorat,
623 357 656 420 id
673 357 758 439 quod
774 377 864 421 nemo
880 357 943 422 nisi
955 355 1089 421 Tacitus
1109 356 1241 442 (lace)

97 463 220 547 tradit3
244 463 320 525 item
353 460 442 543 quod
464 461 583 527 Victor
605 460 812 525 Messalinam
837 463 942 547 (4,·l0)
959 459 1098 525 Claudio
1122 462 1238 543 ignaro

95 565 298 631 interfectam
321 586 390 629 esse
412 564 527 644 tradit,
549 585 704 645 nusquam
718 565 780 628 nisi
796 563 883 650 apud
899 562 1045 628 Tacitum
1060 563 1239 628 invenitur.

188 673 226 732 In
248 669 317 732 vita
339 668 491 749 Neronis,
517 689 585 732 cum
607 667 779 731 Suetonius
811 665 905 750 (Ner.
931 671 988 748 28)
1011 667 1240 752 imperatorem

96 777 210 836 narret
231 773 266 834 in
293 772 399 837 animo
422 770 585 852 habuisse,
617 772 716 835 matri
732 777 878 856 stuprum
894 770 1023 849 inferre,
1054 775 1088 833 et
1112 769 1240 851 quomi-

95 897 155 940 nus
178 879 352 956 cogitatum
374 873 554 961 perficeret,
590 896 655 939 non
677 875 739 938 nisi
761 874 834 938 dolo
858 873 995 958 quodam
1028 873 1238 958 perterritum

97 1000 183 1056 esse,
230 978 364 1041 Tacitus
400 984 507 1043 autem
542 980 646 1063 (143)
692 985 862 1059 utrumque
899 976 1057 1040 traditum
1105 974 1240 1055 referat,

99 1079 256 1146 aCluuio
280 1080 504 1167 Agrippinam,
539 1105 559 1146 a
592 1082 697 1147 Fabio
730 1081 868 1144 Rustico
903 1079 1069 1144 Neronem
1103 1078 1238 1142 sceleris

98 1184 186 1248 illius
209 1189 369 1250 auctorem
392 1184 501 1266 fuisse,
539 1186 587 1249 ita
608 1191 723 1271 tamen,
745 1189 782 1247 ut
805 1184 906 1246 ceteri
929 1181 1036 1246 Oluvii
1059 1181 1241 1267 probarent

98 1289 298 1367 sententiam,
323 1287 447 1351 Noster
467 1287 549 1351 haec
572 1289 617 1352 sic
640 1287 815 1369 coniungit,
840 1291 924 1369 (5,8)
947 1292 986 1350 ut
1016 1290 1049 1349 et
1071 1283 1241 1348 Neronem

101 1397 135 1454 et
157 1390 374 1475 Agrippinam
397 1391 659 1455 scelestissimum
681 1391 761 1453 illud
783 1389 908 1452 facinus
930 1387 1088 1475 perficere
1102 1393 1240 1472 paratos

98 1492 207 1572 fuisse,
231 1492 371 1578 probare
393 1493 651 1558 nobisstudeat.
696 1493 856 1575 Aliquam
872 1497 982 1556 autem
1004 1490 1066 1554 hoc
1088 1490 1161 1553 loco
1185 1510 1240 1553 ne-

96 1595 323 1659 cessitudinem
344 1596 431 1660 inter
454 1595 601 1660 Tacitum
624 1602 657 1660 et
681 1594 838 1660 Nostrum
860 1593 1072 1675 intercedere,
1097 1614 1135 1656 eo
1160 1614 1236 1656 con·

96 1697 251 1778 firmatur,
277 1698 363 1780 quod
387 1705 419 1762 et
439 1699 484 1763 'ad
502 1699 632 1763 verbum
653 1698 814 1763 interdum
837 1698 1011 1762 concinunt
1044 1700 1078 1758 et
1105 1701 1239 1766 sentcn-

98 1803 214 1867 tiarum
236 1821 336 1864 nexus
361 1802 448 1888 apud
470 1809 642 1884 utrumque
665 1800 839 1865 simillimus
863 1806 922 1866 est.

277 2023 338 2064 Caes.
352 2022 385 2076 5,8
399 2023 449 2065 etl.
902 2025 956 2064 Tae.
971 2021 1021 2072 14‚2.

211 2108 374 2162 dominandi
393 2111 531 2164 ardore
695 2111 836 2163 ardore
882 2107 1048 2162 retinendae
1087 2108 1238 2176 potentiae

180 2192 560 2266 adpatruinuptias.
788 2193 1115 2263 patruinuptiis.
1222 2225 1225 2229 -

184 2334 272 2410 Item,
297 2332 384 2412 quod
406 2337 526 2418 septem
547 2352 668 2396 menses
693 2337 725 2394 et
749 2332 819 2396 dies
842 2338 964 2419 septem
986 2330 1105 2399 Victor
1122 2330 1236 2406 (Caes.

94 2438 163 2515 6,3)
189 2431 318 2497 Galbae
340 2433 525 2519 imperatori
547 2435 675 2515 tribuit,
711 2455 780 2498 cum
804 2435 977 2499 Suetonius
1011 2438 1133 2520 septem
1156 2440 1229 2498 tan-

96 2543 163 2600 tum
185 2557 306 2599 menses
330 2537 451 2618 tradat,
467 2537 534 2602 Dio
556 2559 689 2624 prorsus
713 2538 809 2602 alium
831 2538 978 2625 proferat
1000 2556 1171 2616 numerum,
1194 2536 1238 2600 ad

95 2638 244 2703 Tacitum
267 2645 417 2724 spectare
442 2639 631 2704 Woelfflino
654 2640 793 2703 videtur.
839 2639 905 2705 Sed
926 2640 988 2704 hoo
1010 2639 1085 2703 mihi
1108 2640 1237 2721 quidem

94 2763 157 2806 non
174 2763 337 2824 persuasm
352 2749 412 2823 est,
435 2748 612 2829 propterea
627 2741 714 2825 quod
736 2747 769 2804 et
784 2742 868 2806 hunc
883 2763 1057 2824 numerum,
1083 2764 1102 2806 a
1120 2742 1239 2805 Tacito

96 2866 159 2908 non
184 2851 296 2930 aperte
319 2847 481 2932 scriptum,
517 2866 557 2908 ex
590 2847 659 2908 eius
681 2845 765 2908 libro
788 2845 937 2908 haustum
967 2866 1037 2910 esse
1066 2845 1241 2909 verisimile

95 2969 159 3011 non
184 2952 233 3010 est
256 2953 289 3011 et
312 2946 399 3033 apud
420 2947 588 3034 Iosephum
611 2948 702 3032 (bell.
726 2947 793 3011 Iud.
819 2949 887 3034 l,2)
909 2949 979 3035 ipse
1000 2949 1054 3012 hic
1079 2968 1236 3012 numerus

96 3049 224 3133 legitur.

151 3197 154 3203 -
185 3152 253 3216 Iam
277 3153 403 3218 collatis
427 3151 545 3235 Taciti,
569 3175 652 3236 quac
669 3154 755 3240 apud
771 3153 939 3222 Victorem
955 3158 1114 3239 apparent
1136 3156 1237 3217 vesti-

99 3257 168 3338 giis,
191 3256 357 3319 reicienda
375 3256 503 3320 videtur
526 3277 595 3321 esse
616 3255 794 3321 Woelfflini
819 3257 859 3320 de
882 3256 1020 3338 ratione,
1045 3276 1127 3338 quae
1150 3257 1242 3321 inter

96 3358 253 3422 Taciturn
277 3365 310 3422 et
323 3359 491 3427 Victorem
513 3360 698 3439 intercedit,
716 3361 887 3426 sententia.
926 3357 1045 3424 Censet
1061 3360 1146 3424 enim
1162 3361 1240 3426 doc-

97 3462 246 3525 tissimus
268 3462 323 3526 ille
345 3464 394 3526 vir
417 3463 594 3528 abhorrens
618 3463 658 3528 ab
683 3461 828 3550 Opitzio,
856 3465 911 3546 qui
934 3462 1085 3527 Tacitum
1108 3469 1141 3526 et
1157 3462 1241 3530 Vic-

94 3570 203 3628 torem
252 3565 295 3629 ad
339 3564 468 3630 eosdem
511 3567 686 3631 rettulerat
729 3568 842 3633 fontes.
908 3565 1074 3634 Victorem
1118 3564 1239 3630 Tacito

98 3668 168 3754 ipso
212 3690 302 3732 usum
325 3689 405 3738 esse.
458 3669 522 3734 Sed
558 3669 701 3752 equidem
739 3691 805 3733 cum
844 3665 972 3755 Opitzio
1010 3669 1126 3752 senti0;
1172 3677 1240 3754 pri-

97 3793 174 3834 mum
221 3771 301 3834 enim
324 3793 364 3836 16
401 3773 472 3858 ipse
495 3772 622 3854 quidem
659 3771 865 3852 Woesflinus,
902 3777 937 3836 ut
980 3772 1055 3835 mihi
1098 3771 1239 3852 videtur,

99 3872 178 3937 illud
216 3874 440 3953 contendisset,
478 3876 539 3938 nisi
568 3875 713 3944 Victoris
750 3875 902 3939 historias
939 3874 1033 3939 multo
1069 3874 1242 3939 uberiores

95 3972 195 4038 fuisse
231 3981 330 4057 atque
373 3977 406 4039 in
429 3976 476 4040 eis
505 3976 604 4042 multa
633 3979 778 4042 extitisse
807 3983 967 4061 putasset,
999 3997 1082 4060 quae
1120 3976 1240 4042 'Facito

99 4076 317 4160 deberentur3
355 4101 426 4144 nam
459 4087 595 4163 propter
630 4101 751 4163 paucos
788 4081 860 4144 illos
898 4087 932 4144 et
954 4101 1008 4145 eos
1038 4100 1171 4167 perraro
1195 4080 1240 4144 ad
