2684 4500
646 205 688 265 48

95 377 169 436 111ιι
197 393 264 435 cum
287 371 396 437 Dione
417 374 540 455 (63,29)
557 373 717 442 concinit:
740 377 796 436 καί
810 394 894 447 τινες
907 372 963 435 καὶ
977 372 1075 435 πιλία
1087 369 1134 447 ὦς
1150 366 1246 458 ἠλευ-

97 478 279 560 θερωμένοι
301 473 426 561 ἔφερον.

185 582 221 640 In
244 580 312 643 vita
334 578 474 660 denique
497 579 678 642 Domitiani
700 579 802 666 (Epit.
822 581 929 659 11,10)
951 600 1024 643 cum
1040 577 1122 659 1111,
1143 599 1246 660 quem

94 682 302 762 potissimum
324 682 478 763 sequitur,
503 681 626 746 dehac
648 703 684 747 re
706 688 826 763 taceat,
850 682 959 745 ducem
981 681 1074 744 illum
1092 675 1246 746 nomina·

99 782 155 846 tim
173 783 307 866 profert,
326 785 381 867 qui
393 784 576 848 Antonium
593 785 757 866 devicerit,
780 785 929 867 Appium
944 785 1017 849 dico
1033 783 1245 866 Norbanum,

100 907 195 970 quem
217 887 324 954 nullus
346 907 455 950 rerum
478 887 619 969 scriptor
654 895 787 971 praeter
814 888 955 952 Dionem
988 891 1119 972 (67,11)
1154 907 1245 950 com·

94 996 261 1055 memorat.
285 1028 329 1038 -
356 989 442 1054 Item
480 1011 565 1072 quae
602 991 642 1054 de
678 990 829 1055 Domitia
865 991 991 1074 profert
1026 989 1246 1076 Epitomator

99 1094 166 1177 (11,
180 1096 235 1177 11)
259 1113 299 1157 ex
322 1091 478 1158 Suetonio
501 1093 631 1157 fluxisse
652 1099 827 1175 nequeunt,
851 1093 954 1158 Dioni
976 1099 1087 1157 autem
1111 1093 1244 1178 (67,15)

96 1197 148 1261 vel
186 1197 321 1260 maxime
357 1196 556 1278 respondent
593 1197 774 1282 (cruciatus
796 1195 988 1261 formidante
1019 1193 1244 1280 -ἐφοβεῖτο

94 1298 141 1386 μὴ
157 1300 211 1363 καὶ
227 1296 408 1384 ἀποθάνῃ).

188 1403 296 1467 Etiam
319 1402 436 1467 Dionis
461 1424 543 1485 quae
566 1404 601 1466 in
623 1401 780 1485 Epitoma
803 1405 962 1487 apparent
995 1399 1134 1482 vestigia
1162 1399 1243 1463 levi-

100 1528 158 1573 ora
176 1512 260 1585 suut,
284 1527 383 1587 quam
405 1514 443 1571 ut
456 1506 612 1570 credibile
628 1507 679 1585 sit,
696 1505 957 1591 Epitomatorem
972 1504 1114 1568 Dionem
1128 1502 1244 1588 ipsum

98 1613 133 1676 in
157 1631 250 1674 usum
272 1630 413 1690 vocasse,
437 1608 494 1672 sed
517 1609 646 1674 Dionea
667 1608 724 1672 1111
745 1609 779 1673 11
802 1606 956 1673 Suetonio
980 1627 1037 1671 suo
1068 1605 1244 1686 adscripta

100 1714 260 1778 invenerit
282 1732 413 1776 necesse
437 1718 495 1778 est.
538 1717 605 1776 Iam
627 1711 844 1793 quaerendum
868 1716 926 1792 est,
949 1716 1060 1774 utrum
1082 1708 1148 1787 ille,
1184 1706 1246 1788 qui

99 1815 288 1882 Suetonium
311 1816 512 1900 excerpserit
537 1821 571 1879 et
593 1815 765 1895 ornaverit,
792 1814 926 1878 Dionem
956 1814 1065 1899 ipsum
1096 1832 1138 1874 an
1169 1811 1245 1875 eius

101 1917 221 1983 fontem
255 1917 452 1982 adhibuerit.
500 1917 564 1984 Sed
599 1938 671 1982 cum
705 1922 739 1981 et
774 1915 1070 1980 additamentorum
1101 1913 1244 1995 illorum,

95 2041 185 2103 quae
208 2022 240 2084 in
264 2021 334 2084 1111
355 2020 512 2107 Epitoma
535 2026 658 2101 extant,
697 2019 763 2084 alia
785 2018 873 2104 apud
897 2019 1052 2084 Tacitum
1068 2017 1133 2081 1111
1147 2017 1243 2102 apud

99 2121 238 2186 Dionem
253 2123 318 2187 1111
335 2144 495 2205 nusquam
510 2123 646 2188 redeant
662 2128 695 2187 et
716 2121 1065 2186 verisimillimum
1087 2121 1141 2202 sit,
1167 2118 1257 2183 eum'

95 2226 157 2307 qui
171 2225 363 2290 Suetonium
386 2226 642 2312 amplificaverit,
665 2224 890 2290 additamenta
913 2246 953 2290 ex
974 2247 1038 2290 uno
1054 2223 1143 2288 fonte
1157 2223 1242 2286 hau·

94 2329 189 2409 sisse,
212 2327 248 2391 id
263 2329 473 2392 statuendum
489 2334 547 2408 est,
564 2326 756 2392 Suetonium
774 2350 814 2392 ex
830 2327 941 2394 Taciti
956 2333 991 2393 et
1004 2327 1122 2392 Dionis
1137 2326 1242 2408 fonte,

103 2451 199 2512 quem
223 2431 358 2496 eundem
381 2431 479 2496 fuisse
502 2430 589 2516 apud
612 2451 720 2494 omnes
744 2437 883 2512 constat,
908 2438 1041 2495 auctum
1056 2451 1135 2495 esse.
1158 2429 1243 2494 Sue-

102 2535 226 2598 tonium
249 2540 359 2599 autem
383 2556 423 2598 ex
444 2533 554 2600 eodem
575 2534 717 2616 pendere
739 2533 839 2611 fonte,
876 2556 941 2617 quo
975 2539 1009 2598 et
1039 2532 1176 2597 Tacitus
1207 2538 1243 2597 et

100 2634 166 2700 Dio
190 2635 327 2702 Cassius
349 2639 399 2701 usi
423 2644 540 2719 essent,
572 2658 640 2701 cum
670 2638 885 2702 Mommsenus
916 2636 996 2700 mihi
1026 2636 1241 2722 persuaserit,

101 2738 159 2819 qui
182 2761 241 2805 suo
264 2742 336 2806 iure
358 2741 439 2805 mihi
461 2740 592 2824 quidem
615 2738 742 2805 videtur
776 2741 980 2820 contendere,
1015 2760 1125 2804 omnes
1152 2738 1241 2820 11111,

94 2845 160 2926 uqui
181 2866 232 2908 res
256 2866 276 2907 a
300 2844 492 2909 Caesaribus
516 2842 606 2926 (inde
628 2843 671 2907 ab
694 2844 847 2926 Augusto
872 2865 972 2926 nsque
1006 2842 1049 2907 ad
1078 2841 1243 2906 Domitia·

101 2948 196 3030 num)
218 2951 326 3030 gestas
349 2946 606 3028 descripsissent,
628 2968 727 3010 unum
743 2948 941 3029 eundemque
956 2946 1078 3011 fontem
1095 2946 1128 3008 in
1143 2965 1243 3008 usum

99 3070 241 3131 vocasse,
265 3054 413 3136 apparet,
437 3048 629 3115 Suetonium
652 3055 783 3114 auctum
807 3050 904 3114 fuisse
926 3069 967 3113 ex
987 3049 1044 3113 illo
1067 3046 1157 3112 fonte
1174 3067 1241 3128 quo

92 3153 170 3239 ¹ipse
192 3154 354 3219 utebatur.
407 3151 471 3234 Qui
493 3153 644 3238 princeps
664 3153 722 3216 ille
743 3152 815 3217 fons
837 3152 945 3233 fuerit,
969 3173 1041 3216 cum
1056 3170 1097 3214 ex
1110 3147 1242 3214 leviori·

98 3255 161 3319 bus
176 3256 240 3321 illis
262 3255 471 3339 argumentis,
487 3276 571 3337 quae
586 3254 671 3320 infra
684 3256 873 3341 prolaturus
888 3277 969 3338 sum,
986 3260 1074 3319 certe
1090 3253 1243 3318 concludi

11 3431 16 3438 ⁸
99 3364 250 3442 nequeat,
273 3359 365 3423 mitto
388 3378 556 3442 quaerere,
580 3379 730 3435 cumres,
752 3380 818 3424 non
833 3360 958 3424 nomina
973 3357 1109 3422 inveniri
1123 3362 1241 3423 nostra

92 3460 237 3527 ‚intersit

514 3800 689 3904 caput
732 3802 823 3883 vll.

186 3954 415 4038 Indagavimus
437 3956 546 4022 fontes
567 3956 756 4044 Epitomes3
789 3957 865 4040 iam,
889 3954 1009 4041 quibus
1032 3953 1241 4023 exsortibus

98 4056 223 4129 Victor
243 4058 395 4145 pendeat,
418 4060 594 4128 videamus.
