2684 4500
55 360 60 368 ’
153 355 209 435 qui
232 352 492 434 Epitomatorem
529 353 637 416 omnia
672 372 731 416 sua
753 372 792 415 ex
816 350 952 418 Victore
974 353 1149 435 sumpsisse
1171 359 1292 435 censet,

712 183 754 244 22

155 458 283 521 minime
294 455 490 537 respondere
503 461 762 537 apparet-me
773 454 896 518 nescire
906 455 1071 522 confiteor.
1088 455 1179 520 Nam
1194 477 1295 521 eume
1336 424 1338 521 l

155 559 279 626 Nostro
318 565 353 622 et
374 558 544 625 Victorem
579 565 613 623 et
641 556 832 623 Suetonium
867 564 1034 640 excerptos
1064 580 1134 624 esse
1158 567 1293 641 constet,

156 684 214 726 cur
250 662 284 725 in
323 660 435 724 eodem
481 661 588 742 capite
634 660 775 726 alterum
812 659 995 743 diligenter,
1046 662 1187 727 alterum
1241 665 1294 728 mi·

155 766 241 829 nime
284 768 437 828 accurate
474 763 516 827 ab
555 781 593 828 eo
633 764 666 826 in
712 784 806 827 usum
850 769 1000 828 vocatum
1036 767 1217 848 putemus?
1249 767 1296 832 At

159 869 188 932 si
221 866 444 948 Epitomatori
490 866 571 930 nihil
617 865 708 930 aliud
746 867 949 948 propositum
990 868 1090 934 fuisse
1124 871 1295 947 credimus,

159 971 223 1035 nisi
244 976 283 1034 ut
304 968 426 1033 librum
449 968 489 1033 de
502 968 695 1035 Caesaribus
712 969 922 1048 exscriberet,
946 972 1056 1035 statim
1068 973 1295 1056 intellegimus

161 1095 219 1138 cur
252 1092 427 1154 numquam
462 1072 495 1134 in
529 1069 735 1151 Caesaribus
769 1072 892 1136 totiens
925 1073 959 1136 in
983 1073 1139 1140 Suetonio
1174 1077 1296 1141 utendo
1326 1154 1331 1165 ¹

157 1178 267 1258 lapsus
290 1176 351 1255 sit;
374 1195 451 1238 uam
474 1172 666 1239 Suetonium
687 1173 871 1239 uberiorem
894 1178 1078 1242 exscribere
1100 1199 1166 1242 non
1187 1181 1297 1262 potuit

161 1287 195 1344 et
228 1279 270 1342 ad
292 1278 374 1342 haee
395 1278 453 1342 illa
476 1298 516 1341 ex
540 1299 577 1342 eo
600 1283 688 1341 recte
712 1277 895 1342 desecanda
928 1280 1091 1363 ingenium
1129 1285 1199 1346 eius
1237 1303 1298 1348 non

158 1381 326 1464 aspiravit.
927 1448 929 1453 ,

250 1481 359 1566 Quam
389 1503 520 1546 causam
544 1482 694 1565 equidem
716 1482 940 1565 gravissimam
963 1484 1054 1569 duco,
1079 1486 1199 1551 sedne
1222 1488 1298 1552 leri-

160 1607 250 1650 orem
271 1586 358 1650 illam
383 1585 525 1669 quidem,
551 1606 635 1668 quae
657 1587 729 1667 ipsa
752 1605 879 1667 quoque
902 1587 1109 1673 epritoma
1124 1591 1297 1674 colligitur,

158 1688 485 1772 praetermittendam
508 1709 578 1753 esse
600 1688 753 1754 arbitror.
799 1688 962 1754 Maehlius
987 1691 1067 1754 enim
1084 1695 1297 1759 recteobser-

157 1793 256 1872 savit,
285 1812 477 1856 eonsensum
498 1790 587 1854 inter
608 1790 749 1855 Nostros
773 1792 924 1856 undecim
947 1793 1109 1876 capitibus
1132 1797 1297 1878 prioribus

161 1895 342 1975 contineri3
390 1894 448 1959 sed
470 1894 570 1958 etiam
592 1894 626 1957 in
648 1894 759 1959 multis
782 1902 816 1959 et
837 1916 942 1977 paene
964 1896 1112 1962 omnibus
1135 1900 1298 1982 capitibus

161 1999 395 2080 posterioribus
412 1996 618 2062 necessitudo
635 1997 803 2080 quaedam,
827 2004 865 2062 ut
880 1999 928 2062 ita
943 2000 1059 2082 dicam,
1075 2001 1161 2065 inter
1175 2010 1297 2067 utrum·
1336 2055 1338 2087 ,

163 2121 228 2182 que
251 2101 434 2181 intercedit,
459 2102 548 2165 cuius
570 2101 619 2164 rei
643 2101 792 2184 exempla
815 2101 976 2184 quaedam
999 2101 1114 2167 afferre
1136 2103 1228 2171 libet.

369 2218 499 2272 emutare
966 2223 1025 2271 Eplt
1048 2221 1092 2275 332

198 2290 256 2344 Sed
282 2293 434 2358 postquam
464 2288 621 2357 periculum
639 2305 704 2356 pro·
795 2287 955 2344 Novissime
985 2292 1117 2345 adversus
1141 2293 1295 2347 Aureolum

162 2376 329 2444 pinquabat,
346 2375 463 2427 tandem
476 2374 546 2427 urbe
559 2375 705 2443 egreditur
756 2375 898 2443 proiectus
929 2380 979 2431 est.
1016 2376 1107 2446 Quem
1125 2395 1190 2431 cum
1209 2379 1295 2448 apud
1335 2362 1338 2427 l

162 2460 704 2529 ...EumGallienusapudpontem‚
756 2465 917 2530 pontem,
936 2463 1042 2530 quiex
1067 2463 1142 2516 eius
1159 2465 1296 2518 nomine
1336 2460 1338 2491 ¹

162 2545 703 2612 euiexeoAureolinomenest‚
755 2548 912 2602 Aureolus
931 2549 1296 2617 apellatur,obtentumde·

160 2630 253 2684 susum
272 2631 333 2684 acie
346 2629 589 2686 Mediolanum
605 2633 705 2701 coegit,
758 2636 921 2701 trusumque
934 2632 1177 2688 Mediolanum
1190 2633 1299 2690 obsedit

107 2772 108 2775 ,
161 2734 246 2784 quam
263 2718 363 2770 urbem
393 2736 456 2772 cum
488 2723 635 2787 oppugnat
664 2716 705 2770 ab
831 2736 847 2771 a
873 2719 943 2773 suis
962 2719 1119 2774 interiit.

161 2804 234 2856 suis
252 2804 405 2860 interiit.

370 2907 431 2950 cass
450 2907 497 2962 ere
962 2908 1022 2959 upra
1045 2907 1090 2956 ese

119 3029 123 3038 ,
195 2974 343 3043 proditum
356 2994 391 3030 ex
404 2976 483 3030 libris
491 2977 639 3044 Sybillinis
652 2979 702 3044 est,
792 2975 925 3028 Claudius
942 2993 1020 3042 vero,
1039 2992 1104 3032 eum
1117 2993 1151 3032 err
1164 2976 1297 3031 fatalibus

165 3061 290 3130 primum
321 3062 430 3116 ordinis
459 3062 626 3130 amplissimi
644 3063 703 3116 vic·
756 3060 835 3116 libris
868 3062 1052 3130 cognovisset,
1082 3064 1239 3119 sententiae
1268 3063 1296 3116 in

164 3148 444 3215 toriaekvovendum,
468 3164 588 3213 eumque
605 3147 637 3213 is,
656 3148 705 3214 qui
756 3152 855 3202 senatu
885 3147 1024 3203 dicendae
1041 3150 1127 3219 primi
1144 3155 1237 3206 morte
1253 3167 1294 3204 re·

162 3249 222 3286 esse
252 3233 404 3287 videbatur
435 3239 523 3289 semet
546 3233 703 3300 obtulisset,
756 3235 881 3288 medium
934 3235 1096 3301 desiderari,
1141 3235 1306 3306 Pomponio.

163 3319 218 3372 sibi
246 3320 342 3387 potius
372 3320 401 3374 id
419 3337 521 3375 munus
540 3324 702 3387 competere
755 3323 848 3386 Basso,
869 3321 918 3387 qui
929 3327 997 3377 tune
1015 3324 1085 3386 erat,
1105 3339 1134 3375 se
1152 3323 1298 3386 offerente,

161 3405 292 3469 ostendit,
304 3406 353 3473 qui
365 3422 397 3458 re
407 3406 604 3462 veraSenatus
616 3413 703 3476 etque
754 3410 814 3477 ipse
843 3409 966 3461 vitam
1004 3425 1082 3461 suam
1125 3409 1201 3462 baud
1236 3426 1297 3478 pas-

161 3491 286 3544 omnium
319 3492 453 3560 princeps
487 3497 557 3548 eret.
593 3493 703 3551 Its...
755 3513 801 3549 sus
818 3494 1216 3563 responsalrustrari,dono
1233 3495 1296 3549 rei·

160 3576 213 3629 fusi
223 3576 338 3630 barbari
347 3567 704 3649 summotique,postquam
755 3581 930 3651 publicae
949 3579 1066 3645 dedit,
1084 3582 1237 3650 praefatus,
1250 3599 1297 3635 ne·

161 3664 448 3732 imperatorvitam
466 3664 705 3735 reipublicae
756 3668 862 3722 minem
890 3668 965 3721 tanti
995 3667 1103 3721 ordinis
1125 3667 1231 3736 primas
1249 3669 1299 3722 ha·

160 3749 259 3804 dono
278 3748 390 3805 dedit.
756 3755 824 3809 bere
841 3753 896 3806 nisi
913 3753 1004 3822 ipsum
1023 3755 1236 3823 imperatorem.

246 3868 390 3936 Nostros
413 3873 466 3938 bie
488 3875 675 3958 conspirare
697 3875 860 3940 neminem
888 3873 982 3958 sugit,
1007 3873 1064 3939 sed
1078 3879 1116 3938 ut
1131 3873 1204 3938 aliis
1217 3874 1303 3940 locis

160 3973 212 4038 ita
243 3994 284 4038 ne
318 3976 371 4040 hic
396 3976 528 4059 quidem
550 3977 623 4043 fieri
644 3983 765 4060 potest,
799 3983 837 4042 ut
858 3977 983 4043 Noster
1005 3999 1065 4043 sua
1088 3999 1128 4042 ex
1150 3976 1236 4041 libro
1260 3977 1306 4043 de

162 4076 360 4145 Caesaribus
381 4079 452 4164 ipso
475 4079 707 4164 depromse1·it;
729 4103 804 4146 nam
825 4081 910 4146 unde
925 4081 1095 4147 credamus
1112 4101 1187 4146 eum
1202 4078 1304 4146 P'om·
