2684 4500
307 425 365 474 Epit
382 424 402 477 2,
415 425 434 465 9.
522 456 523 459 ,
900 420 962 461 Gaas.
978 417 997 471 2,
1012 418 1029 460 3.

127 494 640 551 Resolntismilitiaeartibus
729 493 861 547 solutis
902 489 1061 543 militiae
1090 487 1239 542 artibus

100 582 279 638 Armenia
297 600 360 650 per
377 580 641 647 Parthoslloe-
694 577 800 647 (Suet.
820 577 872 631 40:
890 575 1098 629 Armeniam
1120 591 1136 627 a
1159 572 1238 626 Par·

100 667 544 735 siaaDacis,Pannoniaa
563 669 639 724 Sar·
694 664 767 719 this
790 663 933 732 occupari,
958 661 1154 715 Moesiama
1172 659 1237 713 Da·

99 753 360 818 matis‚Gallia
384 774 400 809 a
421 754 549 810 finitimis
572 775 638 828 gen·
692 751 749 803 01³
774 749 1038 816 Sarmaiiflquer
1058 746 1238 801 Galliam

101 838 177 892 tibus
196 840 375 910 direptae
395 850 467 902 sunt,
696 835 847 890 Germanis
871 835 977 888 vastari
999 832 1173 903 neglexerit)
1192 833 1238 887 di-

695 926 872 990 repta...

206 1017 241 1080 A
286 1015 445 1082 Sarmatis
492 1019 707 1106 Pannoniam,
767 1047 830 1090 non
875 1024 1041 1106 Moesiam,
1087 1031 1239 1090 vexatam

100 1141 180 1202 esse,
216 1120 381 1203 ¹Epitome
429 1146 500 1188 cum
554 1127 675 1205 tradat,
728 1130 852 1193 recedit
888 1151 908 1192 a
945 1127 1112 1210 Suetonio,
1151 1133 1184 1192 et
1206 1126 1240 1191 id

102 1244 161 1288 suo
183 1224 264 1304 iure,
298 1225 334 1288 id
370 1229 458 1308 quod
493 1231 592 1301 cuivis
630 1231 753 1296 sedium
775 1232 967 1315 populorum
989 1231 1118 1295 illorum
1141 1231 1240 1294 situm

99 1328 208 1393 animo
242 1330 468 1412 complectenti
501 1336 682 1416 apparebit.
719 1371 757 1382 —
783 1336 899 1399 Annos
936 1354 1012 1398 vero
1050 1335 1077 1398 si
1110 1333 1239 1416 quaeri-

98 1453 178 1510 mus,
229 1453 310 1515 quos
358 1433 510 1516 Epitome
562 1444 595 1501 et
646 1437 819 1503 Suetonius
861 1439 1050 1520 imperatori
1098 1436 1232 1502 Tiberio

98 1536 260 1617 tribuunt,
289 1536 342 1600 hic
375 1539 479 1622 (Suet.
504 1539 578 1604 Tib.
604 1547 658 1623 73)
696 1562 769 1606 eum
802 1547 916 1606 octavo
947 1549 980 1606 01
1003 1542 1239 1624 septuagesimo

99 1641 217 1705 aetatis
241 1661 324 1704 anno
348 1642 415 1706 vita
438 1642 613 1708 decessisse
636 1650 751 1709 auctor
774 1651 833 1723 est,
864 1645 923 1709 illa
946 1647 1141 1709 exstinctum
1165 1665 1239 1708 eum

99 1765 169 1808 esse
192 1750 314 1823 narrat,
338 1765 439 1809 annos
461 1753 575 1811 natum
598 1749 810 1830 septuaginta
832 1754 906 1812 octo
939 1754 971 1811 et
994 1768 1119 1812 menses
1143 1753 1237 1830 quat·

98 1851 174 1911 tuor
197 1846 373 1930 (simillime
396 1849 498 1914 tradit
520 1849 585 1914 Dio
609 1849 741 1916 Cassius
764 1855 812 1930 59,
824 1856 886 1931 30).
933 1851 1005 1916 Non
1028 1852 1108 1917 satis
1129 1855 1238 1914 autem

99 1949 255 2013 credibile
277 1951 413 2031 videtur,
450 1952 720 2035 Epitomatorem,
753 1974 824 2017 cum
855 1959 926 2017 toto
958 1954 1066 2036 capite
1090 1953 1238 2019 Suetonii

97 2053 234 2134 vestigia
255 2057 410 2137 presserit
433 2064 465 2121 et
488 2058 520 2120 in
543 2059 683 2121 numeris
698 2057 903 2139 potissimum
925 2077 1052 2140 semper
1073 2055 1142 2120 sere
1165 2077 1237 2120 cum

97 2154 154 2218 illo
178 2165 343 2240 congruat,
366 2160 428 2223 hoc
450 2161 521 2225 1000
537 2160 636 2224 alium
651 2159 772 2225 fontem
789 2161 823 2223 10
837 2180 931 2224 usum
946 2181 1087 2226 vocasse.
1112 2159 1238 2228 Verum

100 2256 197 2321 aliter
227 2281 279 2325 res
301 2283 335 2326 se
368 2263 479 2343 habet,
514 2265 541 2327 si
574 2263 663 2345 apud
686 2261 877 2327 Suetonium
899 2263 984 2327 hunc
1006 2284 1176 2328 numerum
1198 2283 1238 2327 ex

98 2360 206 2427 Dione
229 2365 279 2429 vel
301 2365 430 2429 aliunde
461 2366 663 2449 adscriptum
688 2373 852 2450 putamus,
880 2368 929 2431 ita
958 2373 995 2431 ut
1024 2367 1238 2448 1000110110-

98 2475 206 2533 mator
239 2467 463 2549 desumpserit.
523 2470 619 2534 ltem·
642 2469 729 2533 infra
763 2469 942 2551 explicab0,
985 2470 1239 2552 discrepantiam

97 2574 183 2636 inter
205 2571 380 2654 Epitomen
403 2579 436 2635 et
458 2573 629 2640 Victorem
654 2579 848 2654 ceterosque
872 2574 1048 2656 scriptores
1081 2575 1114 2637 in
1145 2573 1237 2637 annis

97 2675 235 2758 imperio
271 2674 414 2740 Neronis
451 2676 584 2741 tributis
614 2677 712 2741 aliter
750 2698 814 2740 non
850 2696 944 2758 posse
981 2675 1137 2758 intellegi,
1175 2674 1237 2737 nisi

97 2779 146 2844 ita
182 2785 219 2842 01
257 2778 485 2859 existimemus,
529 2779 745 2862 Epitomatori
801 2778 918 2842 Dionis
961 2798 1123 2853 numerum
1160 2781 1237 2840 ante

98 2882 209 2947 000100
243 2880 386 2963 positum
417 2881 524 2962 fuisse,
561 2902 659 2963 quem
682 2882 890 2965 Epitomator
911 2880 996 2945 male
1019 2880 1237 2945 abbreviaret.

99 2983 226 3067 Quodsi
247 2985 309 3049 hoc
331 2984 425 3049 nobis
447 2984 615 3066 probatur,
639 2990 729 3049 certe
750 3004 843 3047 nemo
860 2984 1044 3066 contendet,
1068 2983 1236 3066 Epitoma·

97 3094 203 3154 torem
226 3088 322 3151 huius
344 3087 469 3151 numeri
488 3107 586 3151 causa
609 3108 725 3151 novum
741 3086 860 3151 adiisse
884 3086 1021 3164 fontem;
1046 3087 1104 3168 001
1126 3105 1238 3148 nume·

97 3212 153 3255 rus
176 3191 307 3256 additus
330 3193 451 3274 optime
475 3190 617 3272 quadrat
652 3191 687 3254 in
717 3191 919 3273 scriptorem,
958 3190 1015 3273 qui
1049 3193 1139 3254 certo
1162 3208 1236 3252 000-

98 3294 169 3359 01110
193 3293 384 3360 Suetonium
407 3315 481 3359 cum
504 3295 610 3360 altero
638 3292 729 3360 fonte
753 3294 928 3359 contulerit
951 3299 984 3359 et
1005 3293 1080 3358 inde
1102 3293 1155 3358 hic
1169 3291 1238 3357 illic

100 3399 239 3465 auxerit.

184 3499 225 3564 Iu
248 3501 316 3566 vita
338 3499 507 3583 Caligulae
530 3508 563 3566 et
585 3499 717 3566 Claudii
739 3501 863 3566 nullum
885 3500 954 3564 fere
977 3498 1236 3564 additamentum

97 3603 205 3668 inveni
227 3610 358 3687 praeter
380 3626 485 3687 pauca
514 3604 622 3686 verba,
658 3626 742 3688 quae
765 3603 917 3670 Tacitum
947 3603 998 3667 vel
1022 3601 1164 3667 Dionem
1186 3622 1237 3668 sa·

97 3727 175 3789 pere
197 3706 348 3773 videntur
371 3714 405 3772 et
427 3729 511 3791 quae
533 3707 754 3791 subsequenti·
769 3708 869 3790 capiti
891 3727 1029 3772 reservo.
1043 3706 1098 3792 ²⁸)

168 3879 209 3948 ²⁸)
229 3877 312 3932 Unde
330 3879 386 3932 iam
406 3897 491 3949 supra
515 3878 672 3948 significavi
696 3879 886 3947 colligendum
907 3895 973 3944 0000,
999 3908 1031 3919 -
1050 3892 1115 3930 oum
1128 3875 1233 3941 omnia,
1279 3908 1283 3916 ·

97 3983 171 4034 0000
182 3963 319 4031 Epitoma
333 3965 456 4031 exhibet,
475 3965 564 4019 autin
577 3964 650 4018 libro
665 3963 701 4017 de
714 3965 882 4020 Caesaribus
894 3965 1077 4018 inveniantur
1096 3964 1145 4015 aut
1159 3961 1236 4030 apud

97 4050 265 4107 Suetonium
294 4051 426 4120 legantur
452 4083 486 4092 -
516 4052 650 4107 Caesares
667 4068 820 4119 numquam
845 4051 993 4106 uberiores
1011 4049 1104 4115 fuisse,
1124 4065 1188 4104 cum
1207 4051 1236 4102 et
