2684 4500
533 213 574 274 29

80 384 108 448 is
131 384 295 448 convictos
318 382 352 447 in
375 381 595 447 adfectatione
616 379 740 461 imperii
765 377 846 441 nihil
869 375 1009 460 amplius
1023 397 1122 459 quam

80 487 253 569 sisterent,
268 486 402 567 monuit,
425 486 543 550 docens
559 483 779 566 principatum
793 482 862 546 fato
879 481 951 545 dari
972 528 979 543 .
1002 527 1010 544 .
1034 528 1042 544 .
1065 477 1124 542 sed

80 595 233 671 sequente
263 590 315 654 die
336 588 565 670 'gladiatorum
593 585 781 668 spectaculo
804 585 892 650 circa
913 605 948 649 se
970 605 1010 649 ex
1032 583 1124 649 indu·

84 693 251 756 collocatis
274 691 387 758 oblata
402 691 466 755 sibi
481 691 680 754 ferramenta
690 689 906 773 pugnantium
923 686 1125 770 inspicienda

82 797 162 860 xit.“
185 796 280 860 Haec
294 800 409 860 narrat
424 792 609 876 Suetonius,
631 794 698 858 iam
716 793 892 874 videamus,
915 790 993 873 quid
1007 789 1126 855 Nostri

80 906 132 965 unt.

187 1037 247 1076 Caes.
265 1035 293 1083 10,
308 1037 326 1079 d
779 1033 839 1082 Epis
853 1031 885 1079 10,
901 1031 931 1073 10.

80 1118 101 1173 εο’
128 1124 160 1174 ut
184 1138 247 1173 oum
266 1121 431 1189 amplissimi
451 1121 526 1174 ordi·
614 1117 655 1172 Ut
673 1118 837 1188 amplissimi
855 1116 963 1171 ordinis
981 1114 1037 1168 duo
1056 1130 1121 1168 oum

80 1223 102 1259 ro
121 1207 244 1260 abnuere
258 1207 415 1276 cogitatum
438 1206 527 1260 scelus
580 1205 715 1258 adversus
735 1222 799 1259 eum
818 1203 1011 1258 coniurassent
1027 1216 1121 1269 neque

80 1295 154 1360 rent3
185 1297 338 1361 patresque
357 1292 528 1346 censuissent
581 1291 705 1345 abnuere
722 1292 880 1360 cogitatum
898 1288 987 1342 scelus
1001 1285 1123 1354 quirent,

80 1376 163 1431 rfessis
178 1378 346 1447 supplicium
360 1378 527 1431 sumendum
579 1375 761 1430 monuerit
777 1376 894 1445 primo
906 1380 973 1445 post
984 1375 1126 1429 deductos

80 1466 120 1516 tos
152 1463 183 1515 in
219 1463 410 1533 spectaculum
434 1480 528 1518 secum
580 1463 610 1515 in
628 1463 821 1531 spectaculum
856 1477 950 1515 secum
980 1460 1125 1526 utrimque

80 1566 124 1615 que
165 1549 288 1602 assidere
323 1547 404 1601 iussit
425 1549 526 1619 petito·
580 1548 701 1602 assidere
718 1546 798 1601 iussit
815 1547 961 1615 petitoque
989 1563 1025 1598 ex
1042 1543 1125 1598 indu·

80 1633 439 1702 sindustriagladiatoris,
458 1652 526 1704 quo·
579 1634 649 1687 stria
671 1632 885 1697 mirmillonum,
911 1649 1032 1700 quorum
1055 1648 1125 1700 pug-

80 1736 188 1789 pugnae
218 1719 390 1785 visebantur,
421 1721 526 1791 gladio,
578 1737 632 1773 nae
644 1719 817 1782 visebantur,
828 1718 923 1788 gladio
937 1717 1015 1786 quasi
1029 1717 1065 1771 ad
1076 1734 1124 1771 ex·

81 1812 117 1858 ad
138 1805 342 1874 explorandam
369 1808 459 1861 aciem
477 1807 526 1861 uni
577 1806 744 1875 plorandam
765 1804 855 1858 aciem
870 1804 918 1856 uni
938 1799 1025 1870 atque
1041 1803 1127 1857 alteri

103 1892 184 1945 alteri
215 1891 402 1945 committere.
457 1891 526 1961 Quis
581 1892 762 1947 commiserit.
799 1889 906 1958 Quibus
935 1890 1072 1959 perculsis
1097 1894 1126 1944 et

80 1978 121 2030 sis
158 1982 187 2032 et
217 1978 404 2030 constantiam
421 1977 527 2032 miran-
579 1977 768 2031 constantiam
803 1977 972 2031 mirantibus
1000 1977 1140 2032 dicerett.

86 2062 243 2133 Videtisne,
256 2063 356 2131 inquit,
369 2066 526 2132 potestates
580 2061 729 2116 Videtisne
768 2067 924 2132 potestates
961 2062 1019 2116 fato
1060 2062 1125 2118 dari

80 2148 123 2201 ari
135 2148 296 2216 frustraque
307 2150 410 2203 tentari
417 2149 526 2203 facinus
578 2149 741 2216 frustraque
756 2149 864 2204 tentari
873 2148 981 2203 facinus
993 2148 1125 2218 potiundi

80 2234 119 2287 rdi
131 2251 179 2302 spe
192 2236 237 2288 vel
250 2235 400 2289 amittendi
411 2236 508 2290 metu‘t
569 2235 685 2305 ⁴spevel
697 2234 848 2290 amittendi
861 2236 958 2289 metu?

80 2337 223 2420 Apparet
246 2339 424 2419 Victorem,
462 2361 662 2423 quamquam
685 2338 834 2405 Suetonii
855 2339 990 2422 vestigia
1005 2344 1129 2421 pressit

80 2463 96 2504 a
119 2442 204 2506 enim
226 2462 287 2522 „ex
302 2441 494 2525 industria“,
519 2442 609 2525 „fato
633 2442 726 2506 dari“
749 2443 877 2527 aliaque
899 2441 988 2526 apud
1002 2448 1125 2507 utrum·
1205 2440 1208 2445 ’

80 2543 229 2629 redeunt),
267 2563 398 2608 sensum
427 2550 536 2610 tamen
566 2546 615 2610 rei
644 2546 685 2610 ab
716 2546 772 2610 illo
803 2551 957 2610 narratae
978 2544 1126 2628 paullum

80 2651 179 2728 tasse,
218 2647 265 2710 ita
302 2651 340 2710 ut
373 2667 457 2730 quae
490 2648 720 2731 imperatorem
743 2649 914 2714 damnatos
936 2649 1048 2712 statim
1069 2647 1127 2712 ad·

81 2751 145 2815 isse
182 2755 280 2832 atque
311 2750 461 2815 docuisse
484 2748 658 2817 Suetonius
687 2758 802 2817 auctor
833 2757 892 2831 est,
927 2771 966 2814 ea
987 2750 1128 2819 Victore

82 2874 117 2917 re
153 2853 250 2919 Titus
280 2862 396 2937 postea
429 2857 464 2920 in
499 2856 687 2939 spectaculo
725 2856 856 2920 dixerit.
916 2853 1125 2937 Epitomator

80 2978 106 3038 u,
143 2977 214 3021 cum
246 2963 279 3022 et
301 2959 468 3022 Victorem
489 2958 532 3023 ad
553 2959 687 3025 verbum
709 2960 967 3039 exscriberetet
990 2956 1033 3022 ab
1056 2956 1129 3021 eius

80 3058 280 3125 sdiscedere
310 3061 422 3140 nollet,
461 3066 495 3126 et
517 3059 711 3128 Suetonium
747 3082 818 3127 rem
855 3063 952 3127 aliter
973 3079 1126 3125 narrasse

80 3167 118 3234 at,
144 3165 283 3229 remita
305 3165 460 3247 confudit,
482 3170 521 3230 ut
542 3165 649 3231 verbis
672 3167 855 3249 „monuerit
876 3165 1002 3250 primo“
1025 3163 1128 3228 etiam

80 3266 174 3329 mium
195 3267 380 3350 respiceret
398 3270 453 3351 ²⁶)

80 3367 187 3451 Vsque
224 3370 321 3434 aliter
353 3390 463 3436 resse
495 3371 596 3438 habet
641 3372 675 3438 in
713 3373 782 3439 vita
818 3372 1013 3439 Domitiani.
1071 3369 1129 3436 Ibi

84 3470 204 3539 Victor
220 3473 328 3537 minus
344 3480 497 3540 accurate
520 3474 676 3541 Suetonio
698 3497 777 3541 usus
798 3476 881 3542 haec
903 3477 996 3560 ponit
1012 3472 1128 3560 (Caes.

81 3578 113 3654 ):
144 3573 344 3658 „Segnisque
375 3576 513 3642 ridicule
539 3580 673 3644 remotis
694 3579 810 3665 procul
831 3579 979 3645 omnibus
1000 3599 1126 3645 musca·

89 3679 219 3760 agmina
247 3679 516 3763 persequebatur,
551 3689 725 3766 postquam
761 3682 804 3749 ad
832 3681 1000 3748 libidinem
1021 3682 1127 3747 minus

80 3801 101 3844 n
138 3787 219 3863 erat,
257 3781 349 3846 cuius
385 3781 517 3848 foedum
554 3786 742 3851 exercitium
775 3784 982 3852 Graecorum
1015 3784 1131 3868 lingua

80 3883 226 3973 erudiam
248 3884 387 3950 vocabat
409 3891 491 3952 cet“
527 3885 602 3952 Iam
638 3888 858 3972 Epitomator‚
894 3910 968 3956 curn
1003 3888 1128 3955 verba:

80 4093 99 4162 ἰ)
117 4091 223 4148 Errare
241 4092 439 4149 Woelfflinum
457 4093 488 4148 in
504 4093 560 4150 hoe
579 4094 640 4152 loco
658 4051 828 4165 explicando
846 4098 973 4165 apparet
