2684 4500
643 211 685 275 58

98 383 385 468 deprehenderem,
419 380 502 447 nihil
534 380 616 445 certi
638 378 679 444 de
700 379 763 444 hec
784 399 821 442 re
843 377 1006 443 affirmare
1031 377 1149 458 audeo,
1184 394 1240 440 ne·

101 507 167 570 que
190 486 366 573 quidquem
389 483 478 550 aliud
504 488 613 550 statuo
646 482 708 546 nisi
732 480 819 568 quod
850 480 998 546 omnibus
1033 479 1089 566 qui
1121 479 1239 562 legunt

97 610 150 654 me
184 590 387 672 persuasisse
410 608 504 671 spero
520 607 528 657 z
544 584 806 668 Epitomctorem
827 584 861 648 in
883 584 1040 667 Epitoms
1066 581 1242 647 conflanda

98 692 269 761 Victorem
292 712 365 756 oum
387 688 544 756 Suetonio
567 691 663 753 aucto
686 687 956 752 contaminavisse
986 705 1026 749 ex
1059 683 1170 749 Peoiti
1205 689 1238 747 et

100 793 218 858 Dionis
242 794 351 874 fonte3
368 793 533 858 Victorem
554 790 589 855 in
603 789 716 855 libello
739 788 959 873 componendo
982 784 1176 851 Suetonium
1206 791 1241 849 et

100 896 219 961 Dionis
242 902 343 978 utque
366 893 476 959 Taciti
498 913 701 959 communem
722 892 815 957 illum
835 891 959 957 fontem
980 909 1164 972 usurpasse.
1218 928 1220 931 -

304 1167 366 1209 (lass.
381 1167 428 1219 l,l.
873 1165 968 1213 Eutrop.
982 1162 1044 1215 7,1⁷.

135 1270 218 1334 Otho,
237 1268 344 1323 Neroni
368 1284 480 1338 quoque
498 1268 642 1337 quondam
729 1264 806 1323 Otho
830 1266 987 1322 invasit
1015 1264 1177 1334 imperium
1200 1302 1232 1319 ..

101 1355 251 1410 criminose
269 1354 489 1407 familiaris.
503 1392 509 1406 .
523 1357 640 1423 .poten·
693 1353 815 1409 Neronis
834 1352 1067 1425 familiaris.

95 1439 359 1495 tisminvsdit.

167 1594 223 1649 Sed
250 1594 321 1648 hseo
346 1595 497 1650 verborum
524 1594 688 1662 similitudo,
721 1609 893 1662 quamquem
922 1607 984 1645 eem
1006 1590 1043 1642 ob
1065 1605 1126 1643 rem
1152 1588 1241 1643 etiam

96 1680 188 1733 multo
207 1679 296 1747 magis
312 1679 396 1746 mire,
415 1679 491 1748 quod
503 1679 580 1735 idem
592 1679 769 1744 vocobulum,
789 1676 975 1745 „invadendi“
997 1674 1075 1744 apud
1090 1673 1243 1728 Juvenelis

96 1766 198 1833 poetes
216 1765 403 1832 interpretem
423 1768 502 1818 extet
521 1767 594 1835 (vide
612 1781 677 1834 pag.
696 1765 749 1833 66),
767 1768 865 1818 tomen
881 1761 973 1821 levior
993 1765 1043 1827 est,
1063 1776 1147 1828 quem
1160 1763 1194 1812 ut
1207 1776 1241 1814 ea

99 1850 234 1906 nitemur.
268 1840 355 1903 Alter
378 1855 473 1904 autem
497 1851 575 1905 locus
596 1848 766 1904 certissimus
793 1849 993 1903 videturesse.
1029 1844 1065 1899 In
1083 1847 1145 1900 vita
1163 1845 1242 1898 enim

100 1933 220 1989 Neronis
239 1952 304 1990 oum
322 1935 460 1991 Nostrum
480 1942 541 1991 tum
559 1934 730 2005 Eutropium
754 1951 789 1988 ex
808 1934 944 1989 Suetonio
965 1933 1091 2004 pendere
1109 1936 1241 2001 apparet.

193 2123 252 2165 Suet
266 2125 319 2165 Ner.
332 2125 360 2165 18.
611 2125 672 2167 (loss.
685 2124 724 2177 od
970 2099 1066 2169 hunos.
1080 2118 1100 2171 7,
1114 2119 1142 2159 14.

131 2225 218 2280 Ponti
236 2227 322 2281 modo
339 2243 459 2294 regnum
520 2227 645 2282 Pontum
662 2229 693 2281 in
713 2228 757 2295 jus
780 2243 846 2296 pro·
909 2223 993 2276 Duae
1012 2227 1109 2276 tumen
1135 2223 1242 2276 subeo

100 2311 275 2364 concedente
304 2310 460 2364 Polemone
486 2312 595 2366 vinciae
604 2311 765 2368 Polemonis
782 2328 846 2381 per·
875 2309 1040 2378 provinciae
1058 2308 1153 2362 factes
1166 2311 1241 2371 sunt,

99 2396 170 2450 item
188 2396 308 2464 Alpium
327 2395 459 2451 defuncto
485 2397 571 2451 missu
605 2398 732 2468 redegit3
769 2397 847 2451 ouius
873 2395 981 2449 Pontus
1021 2393 1239 2447 Polemonia·

99 2481 193 2536 Cottio
233 2483 262 2534 in
297 2482 459 2551 provinciae
485 2483 850 2555 grstioPolemonioous
877 2497 937 2534 cus
968 2479 1141 2534 concedente
1169 2496 1241 2547 rege

98 2567 222 2620 formam
240 2567 360 2637 redegit.
514 2568 623 2623 Pontus
643 2569 820 2639 appelletur3
876 2565 1030 2620 Polemone
1078 2571 1108 2620 et
1146 2566 1239 2634 Alpes

486 2656 611 2723 itemque
631 2655 739 2710 Cottiae
757 2654 850 2721 Alpes
877 2653 990 2707 Cottiae
1031 2651 1126 2706 Cottio
1170 2668 1240 2720 rege

489 2741 584 2796 Cottio
603 2756 670 2809 rege
688 2743 812 2796 mortuo.
878 2737 1021 2792 defuncto.

168 2907 234 2961 Non
252 2909 343 2977 igitur
363 2912 453 2965 solum
466 2910 629 2980 Eutropius,
648 2912 698 2965 sed
711 2912 798 2965 etiam
810 2909 914 2965 Noster
926 2907 1062 2964 Suetonio
1075 2926 1125 2963 suo
1138 2909 1236 2975 debet;

102 2998 225 3062 arguunt
254 2996 329 3048 enim
357 3013 421 3050 eum
442 2997 547 3053 verba:
576 2994 631 3062 „In
656 2997 817 3066 provinciae
838 2997 909 3066 (jus)
928 2996 1056 3066 redegit“
1081 2999 1110 3049 et
1128 2996 1242 3061 „item“.

103 3077 143 3132 Et
160 3084 257 3133 tamen
276 3085 399 3149 uterque
409 3099 466 3135 non
484 3083 569 3136 modo
587 3083 677 3152 Alpes
700 3082 809 3138 Cottiae
827 3083 964 3146 nominet,
995 3099 1062 3135 num
1081 3082 1112 3134 id
1130 3085 1242 3134 utrum-

102 3180 156 3230 que
193 3163 304 3219 finxisse
341 3167 423 3222 facile
459 3168 595 3232 crederes,
626 3168 674 3221 sed
701 3169 787 3221 etiam
817 3171 845 3219 et
882 3166 1038 3234 Eutropius
1075 3171 1105 3220 et
1134 3165 1244 3220 Noster

100 3247 193 3302 Ponto
211 3267 315 3304 nomen
328 3251 529 3307 Polemoniaco
548 3254 660 3307 indunt.
695 3253 762 3308 Jam
781 3251 919 3320 crederes,
939 3270 1002 3306 oum
1019 3250 1081 3305 fieri
1099 3268 1157 3304 non
1174 3269 1241 3320 pos-

101 3338 152 3398 set,
176 3337 208 3388 ut
226 3340 346 3404 uterque
366 3355 400 3392 eo
418 3339 504 3392 verba
522 3355 556 3392 ex
582 3341 681 3393 eodem
704 3339 783 3393 fonte
805 3340 950 3403 insereret,
976 3344 1006 3391 et
1023 3336 1196 3405 Eutropium
1215 3345 1245 3391 et

101 3417 235 3474 Nostrum
253 3438 311 3475 non
330 3421 504 3489 Suetonium,
532 3440 615 3490 quem
642 3442 694 3479 nos
720 3425 863 3488 habemus,
889 3424 938 3478 sed
967 3427 1082 3478 suctum
1108 3423 1140 3476 in
1159 3439 1243 3476 usum

102 3520 218 3559 vocasse
228 3508 418 3561 ¹statuendum
438 3525 504 3562 esse.
541 3509 606 3576 Sed,
627 3509 735 3564 Pontus
747 3509 969 3574 Polemoniacus,
988 3526 1054 3563 oum
1072 3513 1147 3563 esset
1164 3510 1246 3562 inter

101 3592 262 3660 provincias
281 3591 386 3646 saeculi
405 3594 510 3660 quarti,
536 3623 569 3633 -
592 3596 622 3649 id
642 3596 800 3665 quodcum
819 3612 854 3648 ex
872 3595 934 3649 aliis
952 3595 1037 3648 rebus
1055 3598 1116 3648 tum
1134 3611 1170 3648 ex
1189 3594 1241 3648 illo

103 3677 181 3745 apud
198 3676 330 3731 Flavium
352 3674 504 3746 Vopiscum
530 3681 593 3733 loco
624 3681 715 3734 elucet
746 3681 856 3750 (Aurei
879 3681 969 3748 21,11:
995 3680 1079 3745 Nero,
1108 3681 1158 3733 suh
1185 3697 1242 3748 quo

102 3761 211 3816 Pontus
228 3761 444 3818 Polemoniacus
462 3769 492 3818 et
502 3765 592 3833 Alpes
606 3765 719 3821 Cottiae
731 3766 861 3821 Romano
879 3767 989 3820 nomini
1007 3769 1074 3820 sunt
1091 3767 1245 3836 tributae),

101 3847 152 3899 uhi
169 3847 245 3901 idem
264 3848 387 3916 Alpibus
404 3865 508 3903 nomen
525 3849 649 3904 inditum
672 3856 715 3906 est
740 3882 774 3894 -
803 3853 862 3908 eius
890 3854 995 3909 aetatis
1015 3853 1166 3921 scriptores
1184 3852 1243 3906 hoo

100 3934 240 3989 vocabulo
259 3935 437 4004 potissimum
455 3952 519 3991 usos
538 3953 597 3992 esse
616 3943 834 3994 consentaneum
853 3944 904 3994 est.
