2684 4500
649 209 691 275 59

182 376 280 463 Quod
310 384 349 445 ut
381 378 496 446 melius
530 379 743 464 intelligatur,
777 378 839 445 hoo
872 378 965 460 quasi
998 382 1137 443 stemma
1171 371 1227 442 ad-

92 503 221 568 scripsi.

319 813 751 1387 dedite
609 1180 693 1213 ιιιιίιθ
694 811 774 1214 maslot
862 1176 902 1209 Dlo
989 1173 1073 1208 'lucrinis

596 1221 713 1286 V

204 1368 232 1402 0⁴
233 1376 301 1403 00000
319 1062 864 1748 Ἀ

522 2358 660 2463 eaput
685 2360 804 2442 vr11.

180 2509 258 2575 Non
281 2510 431 2594 deerunt,
466 2515 520 2597 qui
551 2535 601 2578 me
631 2521 798 2594 moneant,
833 2534 873 2578 ne
901 2514 985 2596 ipse,
1015 2533 1088 2576 cum
1116 2510 1230 2574 fictum

93 2612 184 2677 illum
210 2613 381 2681 Victorem
411 2619 590 2700 pleniorem
622 2618 822 2699 sustulerim,
856 2618 889 2681 in
923 2616 1062 2681 eundem
1089 2631 1232 2680 errorem

92 2718 249 2798 incidam3
271 2722 357 2787 unde
380 2722 467 2788 enim
490 2722 597 2804 colligi
619 2743 728 2805 posse,
752 2722 844 2786 illum
866 2741 974 2786 rerum
997 2720 1189 2802 scriptorem
1212 2738 1232 2782 a

92 2822 204 2886 nescio
226 2844 291 2905 quo
315 2829 449 2907 auctum
471 2823 563 2890 esse?
579 2863 621 2874 -
637 2825 687 2890 At
701 2825 842 2908 primum
857 2822 985 2907 quidem
1003 2821 1231 2900 Mommsenus,

96 2945 160 3006 quo
172 2928 344 3010 praecipuo
366 2928 495 2993 duceet
481 2929 626 3012 tmegist
627 2950 663 2994 ro
673 2949 749 2993 usus
766 2949 843 3009 sum,
867 2949 913 2993 me
927 2926 1035 2992 docuit
1021 2924 1231 3008 tseriptores

98 3027 255 3109 quosdam
278 3032 428 3114 antiquos
452 3052 491 3095 ex
512 3030 583 3096 font
585 3031 658 3096 ibus
680 3036 733 3095 vet
719 3031 840 3096 teribus
864 3036 940 3095 auct
943 3051 978 3095 os
927 3029 1099 3094 tiuisse.
1137 3025 1229 3089 Idem

97 3131 198 3214 enim,
245 3134 332 3216 quod
355 3134 505 3218 equidem
532 3134 572 3200 de
595 3135 675 3202 Suet
662 3137 748 3201 tonio
773 3133 970 3213 contendi,
961 3152 1030 3214 ipse
1054 3130 1095 3194 de
1118 3122 1227 3192 Plinio

93 3233 254 3318 (Praefat.
231 3237 321 3302 tad
337 3235 452 3323 Solin.)
474 3239 637 3304 luculente
604 3239 811 3323 texposuit
834 3243 867 3302 et
890 3236 929 3300 de
952 3233 1044 3298 Livio
1066 3233 1119 3315 ⁵⁰)
1150 3249 1230 3314 quo·

95 3356 157 3418 que
181 3339 227 3418 (in
249 3340 392 3406 tontibus
415 3340 602 3407 Cassiodori
624 3342 830 3427 indagandis)
853 3341 903 3404 ita
925 3334 1171 3414 demonstravit,
1195 3337 1232 3396 ut

94 3439 135 3503 de
158 3462 195 3506 ea
212 3463 248 3507 re
271 3443 413 3509 dubitari
444 3445 510 3510 iam
530 3452 681 3528 nequeat.
717 3445 764 3511 Et
779 3465 819 3509 ne
834 3442 913 3510 illud
927 3440 1059 3525 quidem
1073 3438 1231 3514 omittam,

94 3544 182 3628 quod
212 3568 316 3630 nuper
344 3546 707 3632 fflldesheimerus⁵⁰·)
729 3547 898 3631 Hyginum
932 3566 1061 3630 quoque
1079 3534 1082 3539 ⁵
1100 3550 1232 3609 auctum

93 3702 300 3714 —u—

167 3788 211 3858 ⁶⁰)
231 3786 335 3843 Confer
352 3786 621 3858 Zangemeisterum‚
646 3789 695 3857 qui
716 3788 877 3857 nuperrime
896 3785 1074 3858 (Festschrift
1091 3785 1143 3838 der
1166 3782 1233 3838 Phi·

93 3874 443 3947 lologen·Versammlung
459 3874 489 3926 in
510 3872 666 3928 Ksrlsruhe
685 3875 768 3944 1883)
795 3873 895 3930 Oresio
919 3889 984 3928 cum
1006 3870 1087 3925 Livio
1118 3869 1233 3935 collato,

93 3961 207 4017 Isivium
225 3966 342 4017 suctum
360 3959 489 4015 extitisse
509 3960 713 4030 comprobavit.

163 4051 210 4118 so.)
237 4047 282 4102 De
307 4048 391 4114 libro,
416 4046 465 4115 qui
492 4045 658 4101 inscribitur
683 4047 719 4101 de
731 4046 798 4102 viris
826 4042 985 4099 illustribus
1013 4039 1093 4095 urbis
1115 4039 1234 4107 Romae,

94 4135 273 4202 quaestiones
291 4122 457 4191 historicae,
477 4131 604 4190 Be'rolini
622 4130 693 4189 1880.
