2684 4500
623 189 643 250 9

153 356 179 424 J
181 380 234 425 am
263 376 346 443 quae
369 353 562 420 Theodorus
585 351 781 440 Opitzius,⁹)
814 355 904 420 cuius
924 354 1056 423 libellus
1077 358 1111 423 in
1133 379 1201 424 cer-

65 463 189 528 tamine
211 461 340 544 Lipsiae
361 459 475 545 habito
498 459 643 541 praemio
667 463 802 524 ornatus
824 464 884 539 est,
906 460 941 524 in
962 462 1104 527 medium
1125 484 1198 545 pro-

61 565 151 653 tulit,
175 585 348 652 quamqam
370 563 396 629 J
397 565 481 648 eepii
503 562 647 647 opinioni
667 561 763 646 longe
785 562 1000 644 praeferenda
1014 573 1094 645 sunt,
1116 566 1196 630 mihi

64 669 197 754 quidem
232 667 365 750 probari
397 688 462 732 non
494 673 640 750 possunt.
686 666 873 749 Complures
908 668 994 732 enim
1015 669 1104 734 locos
1128 691 1200 733 cum

62 773 124 836 sibi
139 772 297 836 invenisse
308 770 481 851 videretur,
504 770 560 834 ubi
575 769 751 852 Epitcmae
766 770 865 834 verba
881 790 921 835 ex
936 771 991 845 eis,
1015 773 1071 857 qui
1086 793 1198 854 super·

67 876 162 940 stites
184 880 270 955 sunt,
299 871 495 938 Caesaribus
510 873 630 938 hausta
645 893 715 938 esse
730 878 913 960 nequirent,
936 879 992 937 sed
1007 880 1116 939 tamen
1130 882 1200 940 tam

63 983 138 1043 arto
160 979 398 1043 sententiarum
421 996 566 1040 connexu
589 996 661 1039 cum
683 976 779 1040 rebus
791 976 859 1040 illic
870 977 1012 1046 narratis
1028 979 1201 1042 coniuncta

61 1088 181 1164 essent,
204 1086 242 1145 ut
264 1081 472 1164 Epitomator
493 1079 615 1144 librum
637 1079 676 1143 de
692 1077 885 1144 Caesaribus
900 1081 1110 1163 exscripsisse
1128 1081 1200 1146 aliis

58 1185 189 1250 aliunde
205 1184 324 1248 additis
336 1204 401 1247 non
415 1181 579 1265 putandus
595 1187 690 1263 esset,
705 1183 739 1246 in
755 1203 826 1246 eam
840 1181 954 1246 incidit
968 1184 1199 1267 coniecturam,

57 1293 98 1352 ut
121 1294 295 1373 utrumque
315 1286 435 1351 librum
458 1305 498 1348 ex
518 1284 665 1348 historiis
686 1284 952 1368 locupletioribus
974 1283 1042 1352 aS.
1058 1287 1198 1351 Aurelio

59 1391 201 1460 Victore
216 1390 404 1472 conscriptis
423 1392 611 1469 excerptum
627 1408 706 1468 esse,
736 1387 864 1454 brevius
892 1389 1040 1469 alterum,
1056 1390 1196 1455 alterum

57 1494 191 1559 uberius
205 1497 372 1558 statueret.
385 1489 459 1572 Qua
467 1492 501 1553 in
508 1509 544 1553 re
552 1491 585 1554 in
593 1491 703 1573 primis
718 1491 927 1575 inscriptione
943 1492 1061 1556 nititur
1076 1493 1197 1558 codicis

59 1594 348 1679 Bruxellensisll),
373 1615 437 1680 quo
460 1593 589 1678 quidem
611 1595 679 1659 solo
702 1593 787 1658 liber
798 1595 839 1658 de
854 1592 1049 1659 Caesaribus
1071 1616 1198 1661 conser-

58 1705 156 1764 vatus
189 1717 259 1762 esse
296 1696 440 1775 videtur3
476 1716 515 1760 ea
549 1697 634 1760 eninr
668 1695 825 1762 Caesares
859 1697 1006 1765 Victoris
1039 1697 1196 1761 historiae

58 1801 293 1885 ,abbreviatae‘
331 1799 548 1864 nominantur.
606 1798 703 1882 Quod
741 1797 864 1882 Opitnii
904 1800 1043 1864 debilius
1080 1806 1113 1864 et
1150 1800 1198 1863 in·

56 1903 183 1968 firmius
221 1923 290 1967 esse
328 1922 385 1966 suo
417 1902 491 1965 iure
520 1902 586 1966 iam
609 1902 634 1967 J
636 1903 746 1985 sepius
768 1903 944 1983 contendit,
968 1923 1041 1966 cum
1063 1902 1197 1982 diceret,

57 2005 147 2071 nullo
162 2011 308 2087 tempore
323 2024 519 2090 quemquam
532 2005 724 2087 scriptorem
738 2005 896 2070 Latinum
910 2005 1039 2085 librum,
1062 2004 1090 2067 si
1105 2023 1198 2080 quem

58 2130 100 2174 ex
115 2109 179 2173 alio
189 2112 374 2190 excerptum
387 2107 493 2173 dicere
503 2108 608 2183 vellet,
623 2109 846 2174 abbreviatum
868 2108 1055 2191 appellasse,
1070 2108 1128 2172 sed
1142 2107 1198 2172 ab·

56 2211 227 2278 breviandi
247 2210 298 2274 vel
314 2210 483 2276 breviandi
491 2211 623 2275 verbum
631 2212 767 2277 eandem
774 2214 839 2278 vim
854 2211 983 2293 habere,
992 2210 1198 2297 atquebrevis

63 2313 267 2395 vocabulum,
297 2319 334 2378 ut
352 2314 450 2378 etiam
461 2314 611 2397 Eutropii
622 2321 655 2380 et
678 2318 711 2382 S.
734 2315 812 2381 Rufi
820 2316 1016 2380 breviarium
1037 2314 1196 2396 traditum

56 2418 251 2500 accepimus.
295 2417 341 2481 Et
364 2438 559 2502 quamquam
576 2417 853 2504 Woelfflinus,¹¹)
877 2423 1014 2504 quaest
1037 2417 1215 2497 doctrina,

60 2528 129 2586 tres
162 2519 290 2606 profert
322 2520 422 2602 lucca,
455 2521 511 2585 ubi
534 2521 726 2586 abbreviare
748 2522 834 2586 idem
856 2521 943 2587 valet
965 2526 1063 2605 atque
1087 2537 1195 2582 excer-

58 2642 146 2705 pere,
169 2623 251 2687 nihil
273 2627 383 2686 tamen
405 2623 606 2688 demonstrat
628 2623 691 2687 nisi
713 2623 785 2688 fieri
805 2644 910 2707 posse,
933 2627 971 2686 ut
985 2622 1046 2686 hoo
1060 2620 1195 2687 verbum

58 2743 267 2758 m-

131 2778 157 2843 9’)
177 2775 358 2844 quaestiones
376 2776 412 2830 de
431 2776 460 2831 S.
479 2776 598 2831 Aurelio
616 2777 741 2843 Victore,
760 2777 874 2846 Lipsiae
903 2777 971 2831 1872
989 2781 1020 2830 et
1035 2774 1148 2829 uberius
1165 2773 1195 2826 in

55 2861 129 2916 actis
147 2877 203 2914 soc.
222 2860 294 2928 phil.
312 2861 391 2931 Lips.
428 2861 493 2917 Vol.
512 2864 528 2915 2
546 2880 575 2930 p.
594 2865 643 2919 199
662 2881 733 2933 sqq..

128 2948 172 3015 ¹⁰)
191 2946 243 3000 Cui
272 2947 450 3018 inscriptioni
473 2948 559 3004 fidem
579 2967 636 3005 non
654 2967 711 3003 esse
729 2948 898 3015 habendam,
920 2949 966 3003 vel
983 2947 1050 3002 inde
1067 2945 1196 3010 efficitur,

59 3033 139 3101 quod
172 3036 252 3086 certe
280 3050 337 3086 non
355 3039 418 3088 tota
436 3053 452 3088 a
470 3034 588 3089 Victore
608 3036 714 3103 scripta
731 3037 780 3089 sed
799 3053 816 3089 a
833 3035 947 3088 librario
967 3034 1090 3103 quodam
1107 3033 1194 3085 inter·

60 3119 160 3188 polata
180 3122 230 3172 est.
266 3118 320 3174 Est
338 3119 413 3174 enim
422 3120 570 3190 inscriptio
580 3121 651 3174 haec
663 3137 670 3176 t
681 3121 792 3176 Aurelii
804 3121 931 3176 Victoris
949 3120 1082 3173 historiae
1095 3118 1196 3171 abbre-

56 3203 168 3257 viatae:
187 3204 224 3258 ab
241 3207 370 3274 Augusto
385 3205 551 3273 Octaviano,
569 3206 599 3259 id
617 3210 660 3260 est
678 3223 694 3261 a
711 3205 767 3261 fine
780 3205 838 3260 Titi
850 3205 923 3272 Livi,
943 3205 1079 3272 usquead
1097 3220 1195 3258 consu·

60 3290 154 3343 latum
184 3289 325 3344 decimum
357 3291 516 3346 Constantii
545 3292 668 3360 Augusti
699 3296 728 3346 et
765 3292 876 3346 Juliani
903 3291 1030 3347 Caesaris
1070 3289 1194 3344 tertium.

26 3366 29 3371 ’
57 3375 151 3444 Atqui
168 3379 287 3442 constat,
310 3377 396 3439 ‚Livii
420 3379 536 3432 annales
558 3377 644 3432 etiam
656 3379 809 3433 maximam
821 3379 947 3447 Augusti
957 3377 1071 3447 imperii
1083 3378 1196 3444 partem

56 3461 203 3529 amplexos
227 3480 293 3530 esse,
312 3465 404 3518 itaut
424 3465 473 3533 qui
492 3465 528 3518 ab
546 3466 680 3534 Augusto
700 3464 856 3520 Octaviano
875 3464 992 3518 minime
1010 3464 1087 3517 idem
1104 3480 1120 3514 a
1138 3460 1196 3515 fine

55 3545 116 3599 Titi
134 3545 210 3599 Livii
228 3548 378 3619 inciperet.
414 3549 519 3618 Itaque
547 3556 675 3620 apparet,
706 3551 855 3606 Victorem
873 3549 966 3618 ipsum
984 3555 1044 3604 tam
1061 3566 1194 3619 perverse

56 3632 182 3686 scribere
211 3651 269 3687 non
298 3636 434 3704 potuisse.
470 3635 563 3690 Immo
593 3638 663 3691 haec
692 3641 772 3690 certe
798 3635 973 3704 insripticnis
990 3653 1057 3705 pars
1075 3635 1192 3690 librario

56 3715 102 3770 illi
120 3717 273 3774 tribuenda
286 3725 336 3788 est,
356 3721 403 3789 qui
421 3720 524 3776 librum
543 3722 579 3776 dc
592 3722 757 3777 Caesaribus
776 3738 839 3774 cum
858 3721 939 3785 libro,
961 3723 1009 3789 qui
1027 3722 1191 3776 inscribitur

55 3800 197 3872 Origines,
230 3810 259 3858 et
289 3807 386 3861 libello
407 3808 442 3861 de
471 3807 541 3861 viris
565 3807 729 3877 illustribus,
757 3809 912 3874 coniunxit,
944 3826 1028 3877 quem
1045 3810 1075 3863 in
1093 3807 1197 3863 codice

52 3887 235 3943 Bruxellensi
253 3890 330 3945 Livii
348 3894 462 3948 nomine
481 3892 636 3964 significari
653 3894 734 3950 vidit.

129 3976 172 4045 ²¹)
191 3977 318 4046 burtona
336 3979 519 4050 SobretBrrith
537 3982 554 4034 3
572 3979 731 4050 (rsus-75.
750 4000 778 4051 p.
797 3981 852 4038 787
869 3983 943 4050 sqq.)
