<?xml version="1.0" encoding="UTF-8"?>
<!DOCTYPE html PUBLIC "-//W3C//DTD XHTML 1.0 Transitional//EN"
    "http://www.w3.org/TR/xhtml1/DTD/xhtml1-transitional.dtd">
<html xmlns="http://www.w3.org/1999/xhtml" xml:lang="en" lang="en">
 <head>
  <title>
</title>
<meta http-equiv="Content-Type" content="text/html;charset=utf-8" />
  <meta name='ocr-system' content='tesseract 3.04.00' />
  <meta name='ocr-capabilities' content='ocr_page ocr_carea ocr_par ocr_line ocrx_word'/>
</head>
<body>
  <div class='ocr_page' id='page_1' title='image "./quibusexfontibu00cohngoog_0061.png"; bbox 0 0 2684 4500; ppageno 0'>
   <div class='ocr_carea' id='block_1_1' title="bbox 644 172 685 236">
    <p class='ocr_par' dir='ltr' id='par_1_1' title="bbox 644 172 685 236">
     <span class='ocr_line' id='line_1_1' title="bbox 644 172 685 236; baseline 0 0"><span class='ocrx_word' id='word_1_1' title='bbox 644 172 685 236; x_wconf 81' lang='lat'><strong>56</strong></span> 
     </span>
    </p>
   </div>
   <div class='ocr_carea' id='block_1_2' title="bbox 68 340 1246 849">
    <p class='ocr_par' dir='ltr' id='par_1_2' title="bbox 68 340 1246 849">
     <span class='ocr_line' id='line_1_2' title="bbox 96 340 1241 426; baseline -0.003 -18"><span class='ocrx_word' id='word_1_2' title='bbox 96 348 160 424; x_wconf 91' lang='lat' dir='ltr'><strong>tur,</strong></span> <span class='ocrx_word' id='word_1_3' title='bbox 184 342 273 425; x_wconf 90' lang='lat' dir='ltr'><strong>apud</strong></span> <span class='ocrx_word' id='word_1_4' title='bbox 295 342 557 426; x_wconf 77' lang='lat' dir='ltr'><strong>Epitomatorem</strong></span> <span class='ocrx_word' id='word_1_5' title='bbox 578 345 709 425; x_wconf 89' lang='lat' dir='ltr'><strong>praeter</strong></span> <span class='ocrx_word' id='word_1_6' title='bbox 730 341 812 405; x_wconf 88' lang='lat' dir='ltr'><strong>haec</strong></span> <span class='ocrx_word' id='word_1_7' title='bbox 834 343 999 424; x_wconf 89' lang='lat' dir='ltr'><strong>exscripta</strong></span> <span class='ocrx_word' id='word_1_8' title='bbox 1019 340 1158 407; x_wconf 75' lang='lat' dir='ltr'><strong>tortium</strong></span> <span class='ocrx_word' id='word_1_9' title='bbox 1187 341 1241 405; x_wconf 85' lang='lat' dir='ltr'><strong>in-</strong></span> 
     </span>
     <span class='ocr_line' id='line_1_3' title="bbox 94 441 1238 531; baseline -0.004 -20"><span class='ocrx_word' id='word_1_10' title='bbox 94 445 253 511; x_wconf 80' lang='lat' dir='ltr'><strong>venimus,</strong></span> <span class='ocrx_word' id='word_1_11' title='bbox 296 442 343 509; x_wconf 82' lang='lat' dir='ltr'><strong>Et</strong></span> <span class='ocrx_word' id='word_1_12' title='bbox 365 463 405 508; x_wconf 92' lang='lat' dir='ltr'><strong>no</strong></span> <span class='ocrx_word' id='word_1_13' title='bbox 437 445 509 531; x_wconf 91' lang='lat' dir='ltr'><strong>quis</strong></span> <span class='ocrx_word' id='word_1_14' title='bbox 534 445 597 509; x_wconf 93' lang='lat' dir='ltr'><strong>hoc</strong></span> <span class='ocrx_word' id='word_1_15' title='bbox 625 464 709 526; x_wconf 88' lang='lat' dir='ltr'><strong>eum,</strong></span> <span class='ocrx_word' id='word_1_16' title='bbox 742 443 797 530; x_wconf 92' lang='lat' dir='ltr'><strong>qui</strong></span> <span class='ocrx_word' id='word_1_17' title='bbox 826 442 1002 526; x_wconf 83' lang='lat' dir='ltr'><strong>Epitoman</strong></span> <span class='ocrx_word' id='word_1_18' title='bbox 1033 441 1238 524; x_wconf 80' lang='lat' dir='ltr'><strong>conflaverit,</strong></span> 
     </span>
     <span class='ocr_line' id='line_1_4' title="bbox 98 543 1241 629; baseline -0.005 -15"><span class='ocrx_word' id='word_1_19' title='bbox 98 549 138 614; x_wconf 90' lang='lat' dir='ltr'><strong>de</strong></span> <span class='ocrx_word' id='word_1_20' title='bbox 161 567 219 612; x_wconf 90' lang='lat' dir='ltr'><strong>suo</strong></span> <span class='ocrx_word' id='word_1_21' title='bbox 242 544 407 611; x_wconf 82' lang='lat' dir='ltr'><strong>addidisse</strong></span> <span class='ocrx_word' id='word_1_22' title='bbox 430 546 551 626; x_wconf 88' lang='lat' dir='ltr'><strong>credat,</strong></span> <span class='ocrx_word' id='word_1_23' title='bbox 573 545 635 611; x_wconf 93' lang='lat' dir='ltr'><strong>hoc</strong></span> <span class='ocrx_word' id='word_1_24' title='bbox 656 547 762 629; x_wconf 91' lang='lat' dir='ltr'><strong>ipsum</strong></span> <span class='ocrx_word' id='word_1_25' title='bbox 783 544 955 628; x_wconf 79' lang='lat' dir='ltr'><strong>Epitomes</strong></span> <span class='ocrx_word' id='word_1_26' title='bbox 975 543 1241 609; x_wconf 81' lang='lat' dir='ltr'><strong>additamentum</strong></span> 
     </span>
     <span class='ocr_line' id='line_1_5' title="bbox 98 646 1238 735; baseline -0.006 -18"><span class='ocrx_word' id='word_1_27' title='bbox 98 649 183 735; x_wconf 92' lang='lat' dir='ltr'><strong>apud</strong></span> <span class='ocrx_word' id='word_1_28' title='bbox 208 649 343 713; x_wconf 89' lang='lat' dir='ltr'><strong>Dionem</strong></span> <span class='ocrx_word' id='word_1_29' title='bbox 366 647 486 714; x_wconf 88' lang='lat' dir='ltr'><strong>eisdem</strong></span> <span class='ocrx_word' id='word_1_30' title='bbox 507 669 611 732; x_wconf 88' lang='lat' dir='ltr'><strong>paene</strong></span> <span class='ocrx_word' id='word_1_31' title='bbox 632 647 739 715; x_wconf 90' lang='lat' dir='ltr'><strong>verbis</strong></span> <span class='ocrx_word' id='word_1_32' title='bbox 773 653 879 730; x_wconf 84' lang='lat' dir='ltr'><strong>extat,</strong></span> <span class='ocrx_word' id='word_1_33' title='bbox 913 647 962 712; x_wconf 93' lang='lat' dir='ltr'><strong>ita</strong></span> <span class='ocrx_word' id='word_1_34' title='bbox 994 652 1034 712; x_wconf 83' lang='lat' dir='ltr'><strong>ut</strong></span> <span class='ocrx_word' id='word_1_35' title='bbox 1059 647 1095 711; x_wconf 89' lang='lat' dir='ltr'><strong>in</strong></span> <span class='ocrx_word' id='word_1_36' title='bbox 1115 646 1238 729; x_wconf 66' lang='lat' dir='ltr'><strong>Epitq</strong></span> 
     </span>
     <span class='ocr_line' id='line_1_6' title="bbox 68 747 1246 849; baseline -0.005 -30"><span class='ocrx_word' id='word_1_37' title='bbox 68 839 74 849; x_wconf 20' lang='grc' dir='ltr'>ι</span> <span class='ocrx_word' id='word_1_38' title='bbox 98 752 234 819; x_wconf 90' lang='lat' dir='ltr'><strong>matoris</strong></span> <span class='ocrx_word' id='word_1_39' title='bbox 255 756 345 816; x_wconf 83' lang='lat' dir='ltr'><strong>fonte</strong></span> <span class='ocrx_word' id='word_1_40' title='bbox 366 752 525 834; x_wconf 88' lang='lat' dir='ltr'><strong>scriptum</strong></span> <span class='ocrx_word' id='word_1_41' title='bbox 546 751 646 818; x_wconf 86' lang='lat' dir='ltr'><strong>fuerit</strong></span> <span class='ocrx_word' id='word_1_42' title='bbox 666 770 799 816; x_wconf 89' lang='lat' dir='ltr'><strong>necesse</strong></span> <span class='ocrx_word' id='word_1_43' title='bbox 821 750 872 816; x_wconf 88' lang='lat' dir='ltr'><strong>sit.</strong></span> <span class='ocrx_word' id='word_1_44' title='bbox 929 747 1076 831; x_wconf 78' lang='lat' dir='ltr'><strong>Quaerat</strong></span> <span class='ocrx_word' id='word_1_45' title='bbox 1097 748 1246 814; x_wconf 86' lang='lat' dir='ltr'><strong>fortasse</strong></span> 
     </span>
    </p>
   </div>
   <div class='ocr_carea' id='block_1_3' title="bbox 45 850 1275 4121">
    <p class='ocr_par' dir='ltr' id='par_1_3' title="bbox 99 850 1248 2269">
     <span class='ocr_line' id='line_1_7' title="bbox 100 850 1243 940; baseline -0.003 -20"><span class='ocrx_word' id='word_1_46' title='bbox 100 855 271 940; x_wconf 81' lang='lat' dir='ltr'><strong>quispiam,</strong></span> <span class='ocrx_word' id='word_1_47' title='bbox 290 875 396 919; x_wconf 92' lang='lat' dir='ltr'><strong>nonne</strong></span> <span class='ocrx_word' id='word_1_48' title='bbox 418 851 490 919; x_wconf 91' lang='lat' dir='ltr'><strong>fieri</strong></span> <span class='ocrx_word' id='word_1_49' title='bbox 510 856 667 938; x_wconf 90' lang='lat' dir='ltr'><strong>potuerit,</strong></span> <span class='ocrx_word' id='word_1_50' title='bbox 689 857 728 918; x_wconf 90' lang='lat' dir='ltr'><strong>ut</strong></span> <span class='ocrx_word' id='word_1_51' title='bbox 762 857 795 918; x_wconf 89' lang='lat' dir='ltr'><strong>et</strong></span> <span class='ocrx_word' id='word_1_52' title='bbox 818 851 936 922; x_wconf 83' lang='lat' dir='ltr'><strong>Victor</strong></span> <span class='ocrx_word' id='word_1_53' title='bbox 970 857 1004 916; x_wconf 91' lang='lat' dir='ltr'><strong>et</strong></span> <span class='ocrx_word' id='word_1_54' title='bbox 1024 850 1243 934; x_wconf 81' lang='lat' dir='ltr'><strong>Epitomator</strong></span> 
     </span>
     <span class='ocr_line' id='line_1_8' title="bbox 99 952 1240 1041; baseline -0.004 -18"><span class='ocrx_word' id='word_1_55' title='bbox 99 961 204 1041; x_wconf 90' lang='lat' dir='ltr'><strong>ipsum</strong></span> <span class='ocrx_word' id='word_1_56' title='bbox 226 956 368 1020; x_wconf 88' lang='lat' dir='ltr'><strong>Dionem</strong></span> <span class='ocrx_word' id='word_1_57' title='bbox 390 956 424 1021; x_wconf 91' lang='lat' dir='ltr'><strong>in</strong></span> <span class='ocrx_word' id='word_1_58' title='bbox 445 978 539 1021; x_wconf 91' lang='lat' dir='ltr'><strong>usum</strong></span> <span class='ocrx_word' id='word_1_59' title='bbox 559 961 713 1022; x_wconf 88' lang='lat' dir='ltr'><strong>vocarent</strong></span> <span class='ocrx_word' id='word_1_60' title='bbox 735 961 769 1020; x_wconf 90' lang='lat' dir='ltr'><strong>et</strong></span> <span class='ocrx_word' id='word_1_61' title='bbox 784 974 824 1020; x_wconf 85' lang='lat' dir='ltr'><strong>ex</strong></span> <span class='ocrx_word' id='word_1_62' title='bbox 839 974 887 1037; x_wconf 90' lang='lat' dir='ltr'><strong>ec,</strong></span> <span class='ocrx_word' id='word_1_63' title='bbox 904 952 983 1037; x_wconf 93' lang='lat' dir='ltr'><strong>quid</strong></span> <span class='ocrx_word' id='word_1_64' title='bbox 997 953 1060 1019; x_wconf 90' lang='lat' dir='ltr'><strong>sibi</strong></span> <span class='ocrx_word' id='word_1_65' title='bbox 1075 953 1240 1038; x_wconf 74' lang='lat' dir='ltr'><strong>placeret,</strong></span> 
     </span>
     <span class='ocr_line' id='line_1_9' title="bbox 100 1056 1240 1144; baseline -0.004 -19"><span class='ocrx_word' id='word_1_66' title='bbox 100 1056 334 1125; x_wconf 82' lang='lat' dir='ltr'><strong>desumerent?</strong></span> <span class='ocrx_word' id='word_1_67' title='bbox 378 1057 428 1123; x_wconf 92' lang='lat' dir='ltr'><strong>At</strong></span> <span class='ocrx_word' id='word_1_68' title='bbox 449 1080 491 1124; x_wconf 91' lang='lat' dir='ltr'><strong>ne</strong></span> <span class='ocrx_word' id='word_1_69' title='bbox 514 1060 576 1125; x_wconf 92' lang='lat' dir='ltr'><strong>hoc</strong></span> <span class='ocrx_word' id='word_1_70' title='bbox 597 1063 724 1143; x_wconf 91' lang='lat' dir='ltr'><strong>quidem</strong></span> <span class='ocrx_word' id='word_1_71' title='bbox 747 1058 819 1124; x_wconf 91' lang='lat' dir='ltr'><strong>fiori</strong></span> <span class='ocrx_word' id='word_1_72' title='bbox 841 1057 966 1144; x_wconf 83' lang='lat' dir='ltr'><strong>potuit3</strong></span> <span class='ocrx_word' id='word_1_73' title='bbox 996 1078 1072 1122; x_wconf 93' lang='lat' dir='ltr'><strong>nam</strong></span> <span class='ocrx_word' id='word_1_74' title='bbox 1094 1063 1240 1141; x_wconf 87' lang='lat' dir='ltr'><strong>uterque</strong></span> 
     </span>
     <span class='ocr_line' id='line_1_10' title="bbox 100 1159 1240 1244; baseline -0.002 -18"><span class='ocrx_word' id='word_1_75' title='bbox 100 1163 219 1227; x_wconf 91' lang='lat' dir='ltr'><strong>Dionis</strong></span> <span class='ocrx_word' id='word_1_76' title='bbox 241 1162 342 1228; x_wconf 86' lang='lat' dir='ltr'><strong>verba</strong></span> <span class='ocrx_word' id='word_1_77' title='bbox 363 1162 466 1226; x_wconf 92' lang='lat' dir='ltr'><strong>minus</strong></span> <span class='ocrx_word' id='word_1_78' title='bbox 489 1169 642 1227; x_wconf 76' lang='lat' dir='ltr'><strong>adcurate</strong></span> <span class='ocrx_word' id='word_1_79' title='bbox 663 1163 697 1226; x_wconf 91' lang='lat' dir='ltr'><strong>in</strong></span> <span class='ocrx_word' id='word_1_80' title='bbox 722 1161 867 1244; x_wconf 84' lang='lat' dir='ltr'><strong>linguam</strong></span> <span class='ocrx_word' id='word_1_81' title='bbox 888 1159 1026 1225; x_wconf 91' lang='lat' dir='ltr'><strong>latinam</strong></span> <span class='ocrx_word' id='word_1_82' title='bbox 1054 1161 1240 1225; x_wconf 73' lang='lat' dir='ltr'><strong>transtulit.</strong></span> 
     </span>
     <span class='ocr_line' id='line_1_11' title="bbox 102 1261 1240 1351; baseline -0.006 -18"><span class='ocrx_word' id='word_1_83' title='bbox 102 1263 288 1334; x_wconf 85' lang='lat' dir='ltr'><strong>Verborum</strong></span> <span class='ocrx_word' id='word_1_84' title='bbox 311 1265 396 1328; x_wconf 87' lang='lat' dir='ltr'><strong>enim</strong></span> <span class='ocrx_word' id='word_1_85' title='bbox 416 1263 489 1328; x_wconf 93' lang='lat' dir='ltr'><strong>loco</strong></span> <span class='ocrx_word' id='word_1_86' title='bbox 514 1262 566 1343; x_wconf 73' lang='lat' dir='ltr'><strong>„iv</strong></span> <span class='ocrx_word' id='word_1_87' title='bbox 588 1261 639 1340; x_wconf 75' lang='grc' dir='ltr'><strong>οἷς</strong></span> <span class='ocrx_word' id='word_1_88' title='bbox 659 1261 776 1351; x_wconf 82' lang='grc' dir='ltr'><strong><em>ἥκιστα</em></strong></span> <span class='ocrx_word' id='word_1_89' title='bbox 798 1263 992 1346; x_wconf 72' lang='grc' dir='ltr'><strong><em>ἒθυμοῦτο,“</em></strong></span> <span class='ocrx_word' id='word_1_90' title='bbox 1018 1263 1104 1328; x_wconf 80' lang='lat' dir='ltr'><strong>alter</strong></span> <span class='ocrx_word' id='word_1_91' title='bbox 1131 1283 1240 1346; x_wconf 89' lang='lat' dir='ltr'><strong>„quae</strong></span> 
     </span>
     <span class='ocr_line' id='line_1_12' title="bbox 101 1365 1240 1451; baseline -0.002 -19"><span class='ocrx_word' id='word_1_92' title='bbox 101 1368 240 1432; x_wconf 87' lang='lat' dir='ltr'><strong>maxime</strong></span> <span class='ocrx_word' id='word_1_93' title='bbox 268 1371 431 1450; x_wconf 87' lang='lat' dir='ltr'><strong>cuperet,“</strong></span> <span class='ocrx_word' id='word_1_94' title='bbox 455 1366 539 1432; x_wconf 92' lang='lat' dir='ltr'><strong>alter</strong></span> <span class='ocrx_word' id='word_1_95' title='bbox 564 1366 704 1451; x_wconf 91' lang='lat' dir='ltr'><strong>„quibus</strong></span> <span class='ocrx_word' id='word_1_96' title='bbox 727 1365 909 1432; x_wconf 89' lang='lat' dir='ltr'><strong>consultum</strong></span> <span class='ocrx_word' id='word_1_97' title='bbox 923 1366 1096 1449; x_wconf 89' lang='lat' dir='ltr'><strong>cupiebat“</strong></span> <span class='ocrx_word' id='word_1_98' title='bbox 1111 1365 1240 1449; x_wconf 82' lang='lat' dir='ltr'><strong>posuit,</strong></span> 
     </span>
     <span class='ocr_line' id='line_1_13' title="bbox 101 1468 1235 1557; baseline -0.003 -23"><span class='ocrx_word' id='word_1_99' title='bbox 101 1476 238 1554; x_wconf 90' lang='lat' dir='ltr'><strong>uterque</strong></span> <span class='ocrx_word' id='word_1_100' title='bbox 263 1471 363 1553; x_wconf 86' lang='lat' dir='ltr'><strong>igitur</strong></span> <span class='ocrx_word' id='word_1_101' title='bbox 396 1491 461 1555; x_wconf 91' lang='lat' dir='ltr'><strong>non</strong></span> <span class='ocrx_word' id='word_1_102' title='bbox 496 1491 555 1557; x_wconf 90' lang='lat' dir='ltr'><strong>per</strong></span> <span class='ocrx_word' id='word_1_103' title='bbox 579 1471 773 1556; x_wconf 88' lang='lat' dir='ltr'><strong>positionem</strong></span> <span class='ocrx_word' id='word_1_104' title='bbox 803 1468 860 1534; x_wconf 90' lang='lat' dir='ltr'><strong>sed</strong></span> <span class='ocrx_word' id='word_1_105' title='bbox 892 1489 952 1551; x_wconf 92' lang='lat' dir='ltr'><strong>per</strong></span> <span class='ocrx_word' id='word_1_106' title='bbox 983 1469 1235 1549; x_wconf 84' lang='lat' dir='ltr'><strong>detractionem,</strong></span> 
     </span>
     <span class='ocr_line' id='line_1_14' title="bbox 101 1571 1245 1656; baseline -0.001 -19"><span class='ocrx_word' id='word_1_107' title='bbox 101 1580 141 1637; x_wconf 92' lang='lat' dir='ltr'><strong>ut</strong></span> <span class='ocrx_word' id='word_1_108' title='bbox 162 1574 213 1638; x_wconf 92' lang='lat' dir='ltr'><strong>ita</strong></span> <span class='ocrx_word' id='word_1_109' title='bbox 234 1573 356 1654; x_wconf 86' lang='lat' dir='ltr'><strong>dicam,</strong></span> <span class='ocrx_word' id='word_1_110' title='bbox 388 1573 527 1656; x_wconf 90' lang='lat' dir='ltr'><strong>scripsit.</strong></span> <span class='ocrx_word' id='word_1_111' title='bbox 571 1573 693 1638; x_wconf 80' lang='lat' dir='ltr'><strong>Eodem</strong></span> <span class='ocrx_word' id='word_1_112' title='bbox 713 1574 828 1654; x_wconf 91' lang='lat' dir='ltr'><strong>modo,</strong></span> <span class='ocrx_word' id='word_1_113' title='bbox 861 1592 932 1637; x_wconf 91' lang='lat' dir='ltr'><strong>cum</strong></span> <span class='ocrx_word' id='word_1_114' title='bbox 954 1572 1021 1637; x_wconf 93' lang='lat' dir='ltr'><strong>Dio</strong></span> <span class='ocrx_word' id='word_1_115' title='bbox 1040 1571 1151 1650; x_wconf 77' lang='lat' dir='ltr'><strong>¹verbis</strong></span> <span class='ocrx_word' id='word_1_116' title='bbox 1180 1571 1245 1655; x_wconf 69' lang='lat' dir='ltr'><strong>„io</strong></span> 
     </span>
     <span class='ocr_line' id='line_1_15' title="bbox 102 1671 1244 1762; baseline -0.001 -21"><span class='ocrx_word' id='word_1_117' title='bbox 102 1671 152 1751; x_wconf 85' lang='grc' dir='ltr'><strong>οἷς</strong></span> <span class='ocrx_word' id='word_1_118' title='bbox 181 1674 324 1757; x_wconf 82' lang='grc' dir='ltr'><strong><em>μάλιστα</em></strong></span> <span class='ocrx_word' id='word_1_119' title='bbox 354 1671 546 1762; x_wconf 46' lang='grc' dir='ltr'><em>ἠγανάκτειιί</em></span> <span class='ocrx_word' id='word_1_120' title='bbox 579 1681 741 1758; x_wconf 88' lang='lat' dir='ltr'><strong>uteretur,</strong></span> <span class='ocrx_word' id='word_1_121' title='bbox 783 1676 996 1742; x_wconf 76' lang='lat' dir='ltr'><strong>Nostrorum·</strong></span> <span class='ocrx_word' id='word_1_122' title='bbox 1015 1675 1100 1740; x_wconf 84' lang='lat' dir='ltr'><strong>alter</strong></span> <span class='ocrx_word' id='word_1_123' title='bbox 1132 1696 1244 1761; x_wconf 84' lang='lat' dir='ltr'><strong>„quae</strong></span> 
     </span>
     <span class='ocr_line' id='line_1_16' title="bbox 105 1777 1248 1863; baseline 0 -21"><span class='ocrx_word' id='word_1_124' title='bbox 105 1778 178 1843; x_wconf 93' lang='lat' dir='ltr'><strong>odio</strong></span> <span class='ocrx_word' id='word_1_125' title='bbox 203 1780 328 1858; x_wconf 84' lang='lat' dir='ltr'><strong>erant,“</strong></span> <span class='ocrx_word' id='word_1_126' title='bbox 351 1777 436 1841; x_wconf 91' lang='lat' dir='ltr'><strong>alter</strong></span> <span class='ocrx_word' id='word_1_127' title='bbox 457 1799 559 1863; x_wconf 91' lang='lat' dir='ltr'><strong>„quos</strong></span> <span class='ocrx_word' id='word_1_128' title='bbox 583 1779 725 1860; x_wconf 86' lang='lat' dir='ltr'><strong>oderat“,</strong></span> <span class='ocrx_word' id='word_1_129' title='bbox 747 1785 886 1861; x_wconf 90' lang='lat' dir='ltr'><strong>uterque</strong></span> <span class='ocrx_word' id='word_1_130' title='bbox 909 1777 1009 1861; x_wconf 89' lang='lat' dir='ltr'><strong>igitur</strong></span> <span class='ocrx_word' id='word_1_131' title='bbox 1031 1798 1117 1858; x_wconf 91' lang='lat' dir='ltr'><strong>casu,</strong></span> <span class='ocrx_word' id='word_1_132' title='bbox 1139 1782 1179 1841; x_wconf 91' lang='lat' dir='ltr'><strong>ut</strong></span> <span class='ocrx_word' id='word_1_133' title='bbox 1194 1779 1248 1842; x_wconf 87' lang='lat' dir='ltr'><strong>ita</strong></span> 
     </span>
     <span class='ocr_line' id='line_1_17' title="bbox 106 1877 1246 1964; baseline -0.001 -19"><span class='ocrx_word' id='word_1_134' title='bbox 106 1880 221 1960; x_wconf 89' lang='lat' dir='ltr'><strong>dicam,</strong></span> <span class='ocrx_word' id='word_1_135' title='bbox 238 1900 314 1944; x_wconf 91' lang='lat' dir='ltr'><strong>usus</strong></span> <span class='ocrx_word' id='word_1_136' title='bbox 329 1885 387 1945; x_wconf 87' lang='lat' dir='ltr'><strong>est.</strong></span> <span class='ocrx_word' id='word_1_137' title='bbox 421 1880 497 1945; x_wconf 90' lang='lat' dir='ltr'><strong>Huc</strong></span> <span class='ocrx_word' id='word_1_138' title='bbox 511 1880 638 1946; x_wconf 88' lang='lat' dir='ltr'><strong>accedit</strong></span> <span class='ocrx_word' id='word_1_139' title='bbox 652 1881 750 1946; x_wconf 90' lang='lat' dir='ltr'><strong>etiam</strong></span> <span class='ocrx_word' id='word_1_140' title='bbox 761 1880 978 1964; x_wconf 85' lang='lat' dir='ltr'><strong>discrepantia</strong></span> <span class='ocrx_word' id='word_1_141' title='bbox 992 1880 1079 1945; x_wconf 91' lang='lat' dir='ltr'><strong>inter</strong></span> <span class='ocrx_word' id='word_1_142' title='bbox 1100 1877 1246 1944; x_wconf 87' lang='lat' dir='ltr'><strong>Nostros</strong></span> 
     </span>
     <span class='ocr_line' id='line_1_18' title="bbox 106 1981 1243 2070; baseline -0.001 -23"><span class='ocrx_word' id='word_1_143' title='bbox 106 1982 148 2048; x_wconf 91' lang='lat' dir='ltr'><strong>ab</strong></span> <span class='ocrx_word' id='word_1_144' title='bbox 172 1981 302 2065; x_wconf 87' lang='lat' dir='ltr'><strong>Opitzio</strong></span> <span class='ocrx_word' id='word_1_145' title='bbox 326 1982 508 2062; x_wconf 87' lang='lat' dir='ltr'><strong>observata,</strong></span> <span class='ocrx_word' id='word_1_146' title='bbox 540 2005 623 2070; x_wconf 91' lang='lat' dir='ltr'><strong>quae</strong></span> <span class='ocrx_word' id='word_1_147' title='bbox 645 1983 708 2048; x_wconf 90' lang='lat' dir='ltr'><strong>nisi</strong></span> <span class='ocrx_word' id='word_1_148' title='bbox 731 2003 771 2048; x_wconf 85' lang='lat' dir='ltr'><strong>ex</strong></span> <span class='ocrx_word' id='word_1_149' title='bbox 800 1983 914 2048; x_wconf 92' lang='lat' dir='ltr'><strong>eodem</strong></span> <span class='ocrx_word' id='word_1_150' title='bbox 945 1982 1036 2054; x_wconf 88' lang='lat' dir='ltr'><strong>fonte</strong></span> <span class='ocrx_word' id='word_1_151' title='bbox 1065 1987 1140 2046; x_wconf 90' lang='lat' dir='ltr'><strong>orta</strong></span> <span class='ocrx_word' id='word_1_152' title='bbox 1170 2002 1243 2046; x_wconf 89' lang='lat' dir='ltr'><strong>csse</strong></span> 
     </span>
     <span class='ocr_line' id='line_1_19' title="bbox 105 2080 1245 2176; baseline 0.003 -29"><span class='ocrx_word' id='word_1_153' title='bbox 105 2105 170 2148; x_wconf 91' lang='lat' dir='ltr'><strong>non</strong></span> <span class='ocrx_word' id='word_1_154' title='bbox 192 2084 305 2166; x_wconf 89' lang='lat' dir='ltr'><strong>possit.</strong></span> <span class='ocrx_word' id='word_1_155' title='bbox 350 2082 564 2169; x_wconf 87' lang='lat' dir='ltr'><strong>Relinquitur</strong></span> <span class='ocrx_word' id='word_1_156' title='bbox 597 2086 698 2176; x_wconf 87' lang='lat' dir='ltr'><strong>igitur</strong></span> <span class='ocrx_word' id='word_1_157' title='bbox 727 2080 810 2150; x_wconf 88' lang='lat' dir='ltr'><strong>nihil</strong></span> <span class='ocrx_word' id='word_1_158' title='bbox 831 2084 930 2167; x_wconf 90' lang='lat' dir='ltr'><strong>aliud,</strong></span> <span class='ocrx_word' id='word_1_159' title='bbox 952 2085 1012 2150; x_wconf 88' lang='lat' dir='ltr'><strong>nisi</strong></span> <span class='ocrx_word' id='word_1_160' title='bbox 1046 2088 1085 2149; x_wconf 86' lang='lat' dir='ltr'><strong>ut</strong></span> <span class='ocrx_word' id='word_1_161' title='bbox 1117 2090 1245 2150; x_wconf 84' lang='lat' dir='ltr'><strong>utrum·</strong></span> 
     </span>
     <span class='ocr_line' id='line_1_20' title="bbox 107 2186 1007 2269; baseline 0.002 -18"><span class='ocrx_word' id='word_1_162' title='bbox 107 2207 170 2269; x_wconf 92' lang='lat' dir='ltr'><strong>que</strong></span> <span class='ocrx_word' id='word_1_163' title='bbox 192 2186 347 2251; x_wconf 87' lang='lat' dir='ltr'><strong>Nostrum</strong></span> <span class='ocrx_word' id='word_1_164' title='bbox 371 2186 414 2250; x_wconf 92' lang='lat' dir='ltr'><strong>ad</strong></span> <span class='ocrx_word' id='word_1_165' title='bbox 437 2188 573 2253; x_wconf 87' lang='lat' dir='ltr'><strong>eundem</strong></span> <span class='ocrx_word' id='word_1_166' title='bbox 595 2188 775 2254; x_wconf 81' lang='lat' dir='ltr'><strong>referamus</strong></span> <span class='ocrx_word' id='word_1_167' title='bbox 797 2188 929 2253; x_wconf 87' lang='lat' dir='ltr'><strong>fontem.</strong></span> <span class='ocrx_word' id='word_1_168' title='bbox 1004 2221 1007 2228; x_wconf 93' lang='lat'>·</span> 
     </span>
    </p>

    <p class='ocr_par' dir='ltr' id='par_1_4' title="bbox 45 2288 1275 4121">
     <span class='ocr_line' id='line_1_21' title="bbox 193 2288 1275 2378; baseline 0.003 -25"><span class='ocrx_word' id='word_1_169' title='bbox 193 2288 246 2353; x_wconf 90' lang='lat' dir='ltr'><strong>Ne</strong></span> <span class='ocrx_word' id='word_1_170' title='bbox 267 2289 330 2352; x_wconf 89' lang='lat' dir='ltr'><strong>hoc</strong></span> <span class='ocrx_word' id='word_1_171' title='bbox 352 2289 482 2371; x_wconf 88' lang='lat' dir='ltr'><strong>quidem</strong></span> <span class='ocrx_word' id='word_1_172' title='bbox 496 2290 826 2372; x_wconf 87' lang='lat' dir='ltr'><strong>praetermittendum</strong></span> <span class='ocrx_word' id='word_1_173' title='bbox 841 2290 979 2373; x_wconf 86' lang='lat' dir='ltr'><strong>videtur,</strong></span> <span class='ocrx_word' id='word_1_174' title='bbox 998 2289 1087 2378; x_wconf 91' lang='lat' dir='ltr'><strong>quod</strong></span> <span class='ocrx_word' id='word_1_175' title='bbox 1100 2291 1245 2356; x_wconf 83' lang='lat' dir='ltr'><strong>maxime</strong></span> <span class='ocrx_word' id='word_1_176' title='bbox 1271 2289 1275 2296; x_wconf 84' lang='grc'><strong>’</strong></span> 
     </span>
     <span class='ocr_line' id='line_1_22' title="bbox 107 2389 1245 2477; baseline 0.002 -21"><span class='ocrx_word' id='word_1_177' title='bbox 107 2393 185 2456; x_wconf 87' lang='lat' dir='ltr'><strong>huie</strong></span> <span class='ocrx_word' id='word_1_178' title='bbox 207 2391 388 2455; x_wconf 90' lang='lat' dir='ltr'><strong>sententiae</strong></span> <span class='ocrx_word' id='word_1_179' title='bbox 410 2389 506 2473; x_wconf 89' lang='lat' dir='ltr'><strong>iavet,</strong></span> <span class='ocrx_word' id='word_1_180' title='bbox 531 2413 727 2475; x_wconf 90' lang='lat' dir='ltr'><strong>quamquam</strong></span> <span class='ocrx_word' id='word_1_181' title='bbox 747 2393 904 2458; x_wconf 87' lang='lat' dir='ltr'><strong>infirmius</strong></span> <span class='ocrx_word' id='word_1_182' title='bbox 928 2413 998 2458; x_wconf 90' lang='lat' dir='ltr'><strong>esse</strong></span> <span class='ocrx_word' id='word_1_183' title='bbox 1013 2400 1245 2477; x_wconf 86' lang='lat' dir='ltr'><strong>argumentum</strong></span> 
     </span>
     <span class='ocr_line' id='line_1_23' title="bbox 108 2493 1250 2580; baseline 0.004 -22"><span class='ocrx_word' id='word_1_184' title='bbox 108 2501 177 2580; x_wconf 91' lang='lat' dir='ltr'><strong>ipse</strong></span> <span class='ocrx_word' id='word_1_185' title='bbox 199 2514 264 2557; x_wconf 93' lang='lat' dir='ltr'><strong>non</strong></span> <span class='ocrx_word' id='word_1_186' title='bbox 288 2493 411 2576; x_wconf 91' lang='lat' dir='ltr'><strong>ignoro,</strong></span> <span class='ocrx_word' id='word_1_187' title='bbox 436 2516 593 2568; x_wconf 88' lang='lat' dir='ltr'><strong>annorum</strong></span> <span class='ocrx_word' id='word_1_188' title='bbox 623 2496 694 2561; x_wconf 91' lang='lat' dir='ltr'><strong>dico</strong></span> <span class='ocrx_word' id='word_1_189' title='bbox 728 2517 904 2577; x_wconf 90' lang='lat' dir='ltr'><strong>numerum,</strong></span> <span class='ocrx_word' id='word_1_190' title='bbox 937 2517 1033 2579; x_wconf 92' lang='lat' dir='ltr'><strong>quem</strong></span> <span class='ocrx_word' id='word_1_191' title='bbox 1057 2497 1174 2566; x_wconf 87' lang='lat' dir='ltr'><strong>Victor</strong></span> <span class='ocrx_word' id='word_1_192' title='bbox 1211 2503 1250 2562; x_wconf 87' lang='lat' dir='ltr'><strong>et</strong></span> 
     </span>
     <span class='ocr_line' id='line_1_24' title="bbox 107 2596 1246 2684; baseline 0.002 -22"><span class='ocrx_word' id='word_1_193' title='bbox 107 2596 316 2679; x_wconf 84' lang='lat' dir='ltr'><strong>Epitomator</strong></span> <span class='ocrx_word' id='word_1_194' title='bbox 330 2596 582 2680; x_wconf 89' lang='lat' dir='ltr'><strong>imperatoribus</strong></span> <span class='ocrx_word' id='word_1_195' title='bbox 598 2599 757 2665; x_wconf 83' lang='lat' dir='ltr'><strong>tribuunt</strong></span> <span class='ocrx_word' id='word_1_196' title='bbox 792 2598 924 2664; x_wconf 80' lang='lat' dir='ltr'><strong>Tiberio</strong></span> <span class='ocrx_word' id='word_1_197' title='bbox 940 2599 1071 2682; x_wconf 87' lang='lat' dir='ltr'><strong>quidem</strong></span> <span class='ocrx_word' id='word_1_198' title='bbox 1088 2598 1246 2684; x_wconf 80' lang='lat' dir='ltr'><strong>Epitome</strong></span> 
     </span>
     <span class='ocr_line' id='line_1_25' title="bbox 109 2700 1246 2788; baseline 0.001 -23"><span class='ocrx_word' id='word_1_199' title='bbox 109 2720 211 2765; x_wconf 89' lang='lat' dir='ltr'><strong>annos</strong></span> <span class='ocrx_word' id='word_1_200' title='bbox 233 2700 442 2782; x_wconf 82' lang='lat' dir='ltr'><strong>septuaginta</strong></span> <span class='ocrx_word' id='word_1_201' title='bbox 464 2707 537 2766; x_wconf 88' lang='lat' dir='ltr'><strong>octo</strong></span> <span class='ocrx_word' id='word_1_202' title='bbox 560 2707 594 2767; x_wconf 94' lang='lat' dir='ltr'><strong>et</strong></span> <span class='ocrx_word' id='word_1_203' title='bbox 615 2723 741 2768; x_wconf 88' lang='lat' dir='ltr'><strong>menses</strong></span> <span class='ocrx_word' id='word_1_204' title='bbox 763 2706 919 2784; x_wconf 89' lang='lat' dir='ltr'><strong>quattuor</strong></span> <span class='ocrx_word' id='word_1_205' title='bbox 941 2701 999 2766; x_wconf 90' lang='lat' dir='ltr'><strong>dat</strong></span> <span class='ocrx_word' id='word_1_206' title='bbox 1023 2701 1128 2788; x_wconf 82' lang='lat' dir='ltr'><strong>(Epit.</strong></span> <span class='ocrx_word' id='word_1_207' title='bbox 1144 2704 1246 2787; x_wconf 77' lang='lat'><strong>2,10),</strong></span> 
     </span>
     <span class='ocr_line' id='line_1_26' title="bbox 110 2800 1248 2892; baseline 0.001 -25"><span class='ocrx_word' id='word_1_208' title='bbox 110 2823 184 2867; x_wconf 91' lang='lat' dir='ltr'><strong>cum</strong></span> <span class='ocrx_word' id='word_1_209' title='bbox 232 2800 407 2867; x_wconf 84' lang='lat' dir='ltr'><strong>Suetonius</strong></span> <span class='ocrx_word' id='word_1_210' title='bbox 453 2802 541 2885; x_wconf 78' lang='lat' dir='ltr'><strong>(Tib.</strong></span> <span class='ocrx_word' id='word_1_211' title='bbox 591 2809 648 2886; x_wconf 85' lang='lat'><strong>73)</strong></span> <span class='ocrx_word' id='word_1_212' title='bbox 696 2806 923 2892; x_wconf 85' lang='lat' dir='ltr'><strong>imperatorem</strong></span> <span class='ocrx_word' id='word_1_213' title='bbox 969 2825 1070 2870; x_wconf 90' lang='lat' dir='ltr'><strong>annos</strong></span> <span class='ocrx_word' id='word_1_214' title='bbox 1114 2811 1248 2890; x_wconf 87' lang='lat' dir='ltr'><strong>septua-</strong></span> 
     </span>
     <span class='ocr_line' id='line_1_27' title="bbox 107 2904 1246 2993; baseline 0.004 -26"><span class='ocrx_word' id='word_1_215' title='bbox 107 2905 198 2988; x_wconf 83' lang='lat' dir='ltr'><strong>ginta</strong></span> <span class='ocrx_word' id='word_1_216' title='bbox 253 2909 343 2986; x_wconf 87' lang='lat' dir='ltr'><strong>octo,</strong></span> <span class='ocrx_word' id='word_1_217' title='bbox 398 2904 465 2969; x_wconf 94' lang='lat' dir='ltr'><strong>Dio</strong></span> <span class='ocrx_word' id='word_1_218' title='bbox 520 2908 646 2992; x_wconf 59' lang='lat'>(5838)</span> <span class='ocrx_word' id='word_1_219' title='bbox 699 2927 800 2972; x_wconf 91' lang='lat' dir='ltr'><strong>annos</strong></span> <span class='ocrx_word' id='word_1_220' title='bbox 854 2907 1062 2989; x_wconf 84' lang='lat' dir='ltr'><strong>septuaginta</strong></span> <span class='ocrx_word' id='word_1_221' title='bbox 1115 2913 1246 2993; x_wconf 89' lang='lat' dir='ltr'><strong>septem</strong></span> 
     </span>
     <span class='ocr_line' id='line_1_28' title="bbox 109 3009 1247 3092; baseline 0.002 -21"><span class='ocrx_word' id='word_1_222' title='bbox 109 3013 143 3071; x_wconf 91' lang='lat' dir='ltr'><strong>et</strong></span> <span class='ocrx_word' id='word_1_223' title='bbox 172 3027 298 3073; x_wconf 90' lang='lat' dir='ltr'><strong>menses</strong></span> <span class='ocrx_word' id='word_1_224' title='bbox 356 3013 513 3092; x_wconf 89' lang='lat' dir='ltr'><strong>quattuor</strong></span> <span class='ocrx_word' id='word_1_225' title='bbox 545 3010 663 3074; x_wconf 86' lang='lat' dir='ltr'><strong>vixisse</strong></span> <span class='ocrx_word' id='word_1_226' title='bbox 705 3016 854 3076; x_wconf 89' lang='lat' dir='ltr'><strong>auctores</strong></span> <span class='ocrx_word' id='word_1_227' title='bbox 899 3011 973 3075; x_wconf 87' lang='lat' dir='ltr'><strong>sint.</strong></span> <span class='ocrx_word' id='word_1_228' title='bbox 1032 3009 1150 3079; x_wconf 88' lang='lat' dir='ltr'><strong>Victor</strong></span> <span class='ocrx_word' id='word_1_229' title='bbox 1188 3031 1247 3074; x_wconf 87' lang='lat' dir='ltr'><strong>au·</strong></span> 
     </span>
     <span class='ocr_line' id='line_1_29' title="bbox 109 3107 1250 3196; baseline 0.002 -22"><span class='ocrx_word' id='word_1_230' title='bbox 109 3115 176 3174; x_wconf 91' lang='lat' dir='ltr'><strong>tem</strong></span> <span class='ocrx_word' id='word_1_231' title='bbox 209 3107 320 3194; x_wconf 79' lang='lat' dir='ltr'><strong>(Caes.</strong></span> <span class='ocrx_word' id='word_1_232' title='bbox 354 3110 423 3196; x_wconf 83' lang='lat'><strong>3,1)</strong></span> <span class='ocrx_word' id='word_1_233' title='bbox 459 3111 628 3194; x_wconf 84' lang='lat' dir='ltr'><strong>octoginta</strong></span> <span class='ocrx_word' id='word_1_234' title='bbox 660 3133 724 3176; x_wconf 91' lang='lat' dir='ltr'><strong>uno</strong></span> <span class='ocrx_word' id='word_1_235' title='bbox 747 3113 851 3176; x_wconf 87' lang='lat' dir='ltr'><strong>minus</strong></span> <span class='ocrx_word' id='word_1_236' title='bbox 881 3111 994 3176; x_wconf 88' lang='lat' dir='ltr'><strong>tradit.</strong></span> <span class='ocrx_word' id='word_1_237' title='bbox 1059 3108 1124 3193; x_wconf 81' lang='lat' dir='ltr'><strong>Qui</strong></span> <span class='ocrx_word' id='word_1_238' title='bbox 1154 3131 1250 3176; x_wconf 89' lang='lat' dir='ltr'><strong>error</strong></span> 
     </span>
     <span class='ocr_line' id='line_1_30' title="bbox 112 3212 1250 3301; baseline 0 -23"><span class='ocrx_word' id='word_1_239' title='bbox 112 3253 148 3266; x_wconf 89' lang='lat'>-</span> <span class='ocrx_word' id='word_1_240' title='bbox 195 3218 371 3294; x_wconf 88' lang='lat' dir='ltr'><strong>utrumque</strong></span> <span class='ocrx_word' id='word_1_241' title='bbox 414 3214 499 3278; x_wconf 87' lang='lat' dir='ltr'><strong>enim</strong></span> <span class='ocrx_word' id='word_1_242' title='bbox 542 3212 702 3278; x_wconf 89' lang='lat' dir='ltr'><strong>Nostrum</strong></span> <span class='ocrx_word' id='word_1_243' title='bbox 740 3214 774 3278; x_wconf 94' lang='lat' dir='ltr'><strong>in</strong></span> <span class='ocrx_word' id='word_1_244' title='bbox 810 3216 942 3301; x_wconf 89' lang='lat' dir='ltr'><strong>proprio</strong></span> <span class='ocrx_word' id='word_1_245' title='bbox 979 3233 1090 3278; x_wconf 89' lang='lat' dir='ltr'><strong>errore</strong></span> <span class='ocrx_word' id='word_1_246' title='bbox 1122 3215 1250 3279; x_wconf 89' lang='lat' dir='ltr'><strong>versari</strong></span> 
     </span>
     <span class='ocr_line' id='line_1_31' title="bbox 108 3314 1248 3398; baseline 0 -18"><span class='ocrx_word' id='word_1_247' title='bbox 108 3317 225 3380; x_wconf 89' lang='lat' dir='ltr'><strong>mirum</strong></span> <span class='ocrx_word' id='word_1_248' title='bbox 248 3319 299 3379; x_wconf 91' lang='lat' dir='ltr'><strong>est</strong></span> <span class='ocrx_word' id='word_1_249' title='bbox 321 3351 360 3364; x_wconf 92' lang='lat'><em>-</em></span> <span class='ocrx_word' id='word_1_250' title='bbox 385 3314 472 3380; x_wconf 90' lang='lat' dir='ltr'><strong>unde</strong></span> <span class='ocrx_word' id='word_1_251' title='bbox 494 3321 585 3381; x_wconf 89' lang='lat' dir='ltr'><strong>ortus</strong></span> <span class='ocrx_word' id='word_1_252' title='bbox 608 3316 659 3396; x_wconf 90' lang='lat' dir='ltr'><strong>sit,</strong></span> <span class='ocrx_word' id='word_1_253' title='bbox 683 3337 816 3398; x_wconf 91' lang='lat' dir='ltr'><strong>prorsus</strong></span> <span class='ocrx_word' id='word_1_254' title='bbox 845 3317 1056 3398; x_wconf 86' lang='lat' dir='ltr'><strong>intelligitur,</strong></span> <span class='ocrx_word' id='word_1_255' title='bbox 1079 3317 1108 3379; x_wconf 93' lang='lat' dir='ltr'><strong>si</strong></span> <span class='ocrx_word' id='word_1_256' title='bbox 1129 3317 1248 3380; x_wconf 91' lang='lat' dir='ltr'><strong>statui·</strong></span> 
     </span>
     <span class='ocr_line' id='line_1_32' title="bbox 110 3417 1250 3503; baseline 0 -20"><span class='ocrx_word' id='word_1_257' title='bbox 110 3440 191 3500; x_wconf 91' lang='lat' dir='ltr'><strong>mus,</strong></span> <span class='ocrx_word' id='word_1_258' title='bbox 224 3419 258 3484; x_wconf 92' lang='lat' dir='ltr'><strong>in</strong></span> <span class='ocrx_word' id='word_1_259' title='bbox 281 3418 443 3484; x_wconf 89' lang='lat' dir='ltr'><strong>communi</strong></span> <span class='ocrx_word' id='word_1_260' title='bbox 464 3417 554 3484; x_wconf 85' lang='lat' dir='ltr'><strong>fonte</strong></span> <span class='ocrx_word' id='word_1_261' title='bbox 577 3419 716 3503; x_wconf 90' lang='lat' dir='ltr'><strong>scriptos</strong></span> <span class='ocrx_word' id='word_1_262' title='bbox 738 3418 836 3484; x_wconf 87' lang='lat' dir='ltr'><strong>fuisse</strong></span> <span class='ocrx_word' id='word_1_263' title='bbox 858 3419 1130 3501; x_wconf 87' lang='lat' dir='ltr'><strong>duodeoctoginta</strong></span> <span class='ocrx_word' id='word_1_264' title='bbox 1160 3418 1250 3499; x_wconf 92' lang='lat' dir='ltr'><strong>(loco</strong></span> 
     </span>
     <span class='ocr_line' id='line_1_33' title="bbox 45 3520 1245 3609; baseline -0.002 -22"><span class='ocrx_word' id='word_1_265' title='bbox 45 3603 46 3606; x_wconf 8' lang='grc' dir='ltr'><strong>Ἴ</strong></span> <span class='ocrx_word' id='word_1_266' title='bbox 110 3520 320 3609; x_wconf 85' lang='lat' dir='ltr'><strong>septuaginta</strong></span> <span class='ocrx_word' id='word_1_267' title='bbox 341 3521 481 3606; x_wconf 90' lang='lat' dir='ltr'><strong>septem)</strong></span> <span class='ocrx_word' id='word_1_268' title='bbox 505 3541 606 3586; x_wconf 88' lang='lat' dir='ltr'><strong>annos</strong></span> <span class='ocrx_word' id='word_1_269' title='bbox 628 3527 662 3586; x_wconf 90' lang='lat' dir='ltr'><strong>ct</strong></span> <span class='ocrx_word' id='word_1_270' title='bbox 683 3541 808 3587; x_wconf 90' lang='lat' dir='ltr'><strong>menses</strong></span> <span class='ocrx_word' id='word_1_271' title='bbox 831 3527 1004 3607; x_wconf 79' lang='lat' dir='ltr'><strong>quattuor3</strong></span> <span class='ocrx_word' id='word_1_272' title='bbox 1022 3520 1110 3585; x_wconf 92' lang='lat' dir='ltr'><strong>hunc</strong></span> <span class='ocrx_word' id='word_1_273' title='bbox 1130 3526 1245 3585; x_wconf 88' lang='lat' dir='ltr'><strong>autam</strong></span> 
     </span>
     <span class='ocr_line' id='line_1_34' title="bbox 110 3622 1249 3707; baseline -0.003 -18"><span class='ocrx_word' id='word_1_274' title='bbox 110 3643 279 3689; x_wconf 89' lang='lat' dir='ltr'><strong>numerum</strong></span> <span class='ocrx_word' id='word_1_275' title='bbox 301 3622 562 3705; x_wconf 81' lang='lat' dir='ltr'><strong>Epitomatorem</strong></span> <span class='ocrx_word' id='word_1_276' title='bbox 587 3624 749 3707; x_wconf 86' lang='lat' dir='ltr'><strong>integrum</strong></span> <span class='ocrx_word' id='word_1_277' title='bbox 781 3625 966 3706; x_wconf 84' lang='lat' dir='ltr'><strong>servavisse,</strong></span> <span class='ocrx_word' id='word_1_278' title='bbox 989 3624 1160 3694; x_wconf 87' lang='lat' dir='ltr'><strong>Victorem</strong></span> <span class='ocrx_word' id='word_1_279' title='bbox 1192 3643 1249 3686; x_wconf 89' lang='lat' dir='ltr'><strong>an·</strong></span> 
     </span>
     <span class='ocr_line' id='line_1_35' title="bbox 110 3724 1249 3813; baseline -0.001 -22"><span class='ocrx_word' id='word_1_280' title='bbox 110 3748 188 3791; x_wconf 91' lang='lat' dir='ltr'><strong>num</strong></span> <span class='ocrx_word' id='word_1_281' title='bbox 209 3724 400 3791; x_wconf 90' lang='lat' dir='ltr'><strong>incohatum</strong></span> <span class='ocrx_word' id='word_1_282' title='bbox 421 3746 480 3809; x_wconf 91' lang='lat' dir='ltr'><strong>pro</strong></span> <span class='ocrx_word' id='word_1_283' title='bbox 503 3726 599 3813; x_wconf 89' lang='lat' dir='ltr'><strong>pleno</strong></span> <span class='ocrx_word' id='word_1_284' title='bbox 621 3727 848 3809; x_wconf 87' lang='lat' dir='ltr'><strong>numeravisse,</strong></span> <span class='ocrx_word' id='word_1_285' title='bbox 873 3731 1073 3813; x_wconf 85' lang='lat' dir='ltr'><strong>quamquain</strong></span> <span class='ocrx_word' id='word_1_286' title='bbox 1089 3729 1249 3808; x_wconf 88' lang='lat' dir='ltr'><strong>quattuor</strong></span> 
     </span>
     <span class='ocr_line' id='line_1_36' title="bbox 110 3827 1250 3913; baseline -0.004 -18"><span class='ocrx_word' id='word_1_287' title='bbox 110 3836 240 3896; x_wconf 91' lang='lat' dir='ltr'><strong>tantum</strong></span> <span class='ocrx_word' id='word_1_288' title='bbox 262 3847 389 3893; x_wconf 88' lang='lat' dir='ltr'><strong>menses</strong></span> <span class='ocrx_word' id='word_1_289' title='bbox 411 3827 528 3893; x_wconf 87' lang='lat' dir='ltr'><strong>traditi</strong></span> <span class='ocrx_word' id='word_1_290' title='bbox 550 3835 654 3910; x_wconf 90' lang='lat' dir='ltr'><strong>erant,</strong></span> <span class='ocrx_word' id='word_1_291' title='bbox 678 3829 794 3895; x_wconf 92' lang='lat' dir='ltr'><strong>ecdem</strong></span> <span class='ocrx_word' id='word_1_292' title='bbox 815 3831 895 3913; x_wconf 90' lang='lat' dir='ltr'><strong>iure,</strong></span> <span class='ocrx_word' id='word_1_293' title='bbox 919 3851 982 3912; x_wconf 94' lang='lat' dir='ltr'><strong>quo</strong></span> <span class='ocrx_word' id='word_1_294' title='bbox 998 3827 1172 3896; x_wconf 84' lang='lat' dir='ltr'><strong>Suetonius</strong></span> <span class='ocrx_word' id='word_1_295' title='bbox 1185 3849 1250 3910; x_wconf 92' lang='lat' dir='ltr'><strong>pro</strong></span> 
     </span>
     <span class='ocr_line' id='line_1_37' title="bbox 111 3931 1247 4018; baseline -0.002 -20"><span class='ocrx_word' id='word_1_296' title='bbox 111 3934 204 3998; x_wconf 90' lang='lat' dir='ltr'><strong>annis</strong></span> <span class='ocrx_word' id='word_1_297' title='bbox 227 3932 438 4015; x_wconf 86' lang='lat' dir='ltr'><strong>septuaginta</strong></span> <span class='ocrx_word' id='word_1_298' title='bbox 459 3938 585 4015; x_wconf 88' lang='lat' dir='ltr'><strong>septem</strong></span> <span class='ocrx_word' id='word_1_299' title='bbox 608 3937 641 3996; x_wconf 89' lang='lat' dir='ltr'><strong>et</strong></span> <span class='ocrx_word' id='word_1_300' title='bbox 662 3931 826 3998; x_wconf 90' lang='lat' dir='ltr'><strong>mensibus</strong></span> <span class='ocrx_word' id='word_1_301' title='bbox 849 3937 1014 4018; x_wconf 89' lang='lat' dir='ltr'><strong>quattuor,</strong></span> <span class='ocrx_word' id='word_1_302' title='bbox 1036 3931 1247 4015; x_wconf 86' lang='lat' dir='ltr'><strong>septuaginta</strong></span> 
     </span>
     <span class='ocr_line' id='line_1_38' title="bbox 111 4033 1250 4121; baseline -0.004 -19"><span class='ocrx_word' id='word_1_303' title='bbox 111 4042 185 4102; x_wconf 92' lang='lat' dir='ltr'><strong>octo</strong></span> <span class='ocrx_word' id='word_1_304' title='bbox 208 4056 309 4102; x_wconf 87' lang='lat' dir='ltr'><strong>annos</strong></span> <span class='ocrx_word' id='word_1_305' title='bbox 329 4034 447 4119; x_wconf 89' lang='lat' dir='ltr'><strong>posuit.</strong></span> <span class='ocrx_word' id='word_1_306' title='bbox 470 4071 513 4084; x_wconf 91' lang='lat'>-</span> <span class='ocrx_word' id='word_1_307' title='bbox 534 4033 694 4121; x_wconf 90' lang='lat' dir='ltr'><strong>Idemque</strong></span> <span class='ocrx_word' id='word_1_308' title='bbox 714 4033 783 4100; x_wconf 85' lang='lat' dir='ltr'><strong>fere</strong></span> <span class='ocrx_word' id='word_1_309' title='bbox 805 4034 895 4102; x_wconf 88' lang='lat' dir='ltr'><strong>cadit</strong></span> <span class='ocrx_word' id='word_1_310' title='bbox 921 4036 956 4100; x_wconf 91' lang='lat' dir='ltr'><strong>in</strong></span> <span class='ocrx_word' id='word_1_311' title='bbox 989 4053 1158 4100; x_wconf 88' lang='lat' dir='ltr'><strong>numerum</strong></span> <span class='ocrx_word' id='word_1_312' title='bbox 1191 4054 1250 4098; x_wconf 89' lang='lat' dir='ltr'><strong>an·</strong></span> 
     </span>
    </p>
   </div>
   <div class='ocr_carea' id='block_1_4' title="bbox 0 0 1356 4500">
    <p class='ocr_par' dir='ltr' id='par_1_5' title="bbox 0 0 1356 4500">
     <span class='ocr_line' id='line_1_39' title="bbox 0 0 1356 4500; baseline 0 0"><span class='ocrx_word' id='word_1_313' title='bbox 0 0 1356 4500; x_wconf 95' lang='lat' dir='ltr'><strong> </strong></span> 
     </span>
    </p>
   </div>
  </div>
 </body>
</html>
