2684 4500
697 189 740 254 42

154 367 310 440 productus
329 361 549 422 circumducitur
561 361 597 414 ad
614 375 693 428 spec·
746 356 871 425 tugurio,
884 371 939 422 quo
957 370 987 407 se
1000 350 1161 408 abdiderat.
1182 349 1291 406 Suet.

153 451 280 506 taculum
297 450 383 520 vulgi.
419 449 464 503 Ae
482 465 518 502 ne
536 447 621 500 homo
642 445 695 497 im·
748 443 788 496 17.
807 441 942 512 relegatis
965 443 1031 510 post
1056 442 1139 506 terga
1163 436 1294 490 manibus

154 536 264 606 pudens
281 535 311 588 in
328 535 463 590 extremis
488 534 589 588 saltem
607 533 695 588 malo·
748 567 772 582 ..
797 529 827 581 in
866 527 960 581 sorum
996 527 1106 578 tractus
1141 525 1186 576 est
1215 522 1295 576 inter

156 638 229 687 rum,
240 637 312 688 quae
323 628 456 690 gesserat,
468 620 573 677 rubore
594 619 696 673 faciem
748 631 851 682 magna
875 610 1000 666 ludibria
1086 612 1120 661 ut
1141 607 1293 662 visendam

154 707 329 773 demitteret,
347 708 519 762 subiecto
540 709 579 761 in
596 722 694 759 men·
747 698 900 769 praeberet
912 697 1091 751 faeiemneve
1099 694 1293 747 summitteret

153 795 227 847 turn
257 792 381 862 gladio
409 792 569 849 seminudus
599 791 699 846 multis·
1053 781 1202 850 Eutrop·
1221 780 1292 845 7,18.

155 894 243 932 coeno
268 877 391 947 fimoque
421 881 451 932 et
476 880 579 932 ceteris
605 876 696 946 turpi·
748 869 957 924 subiectoin
977 871 1133 922 mentum
1158 865 1292 936 gladio.

154 963 251 1016 oribus
280 963 359 1017 dictu
394 951 589 1034 purgamefitis
617 972 696 1024 vul.
748 956 909 1008 seminudus
1004 952 1181 1022 quibusdam.
1221 956 1293 1006 ster·

153 1052 232 1103 tum
259 1051 318 1104 eius
335 1050 540 1108 incessentibus
563 1072 615 1125 per
636 1073 695 1110 sca.
749 1058 814 1096 core
834 1044 863 1095 et
876 1058 963 1095 caeno
977 1037 1182 1093 inee'ssentibus
1201 1039 1292 1107 (Eu-

154 1135 196 1188 las
215 1135 371 1190 Gemonias
395 1139 519 1193 trahitur
541 1143 696 1198 numerosis
749 1131 854 1195 trop.
874 1127 934 1192 7,1e
951 1126 989 1179 5¹¹
1007 1125 1159 1193 vulium)
1178 1124 1215 1177 ad
1234 1139 1294 1180 ⁸0⁸·

158 1224 263 1279 ictibus
280 1223 422 1279 confossus
440 1227 557 1281 interiit.
747 1215 790 1268 las
829 1213 981 1268 Gemonias
1007 1248 1057 1266 ···
1086 1226 1195 1279 perque
1247 1226 1296 1263 eas

748 1303 923 1369 pertractus3
960 1298 1043 1352 simul
1071 1296 1201 1350 confosso
1229 1312 1292 1351 cor·

748 1402 818 1454 pore
836 1385 866 1438 in
885 1382 1012 1438 Tiberim
1030 1383 1162 1438 deicitur.

241 1537 317 1602 Hoo
339 1540 427 1602 certe
447 1536 529 1619 loeo,
554 1559 628 1604 oum
643 1540 905 1623 Epitomatorem
923 1560 962 1604 ex
975 1538 1136 1620 Eutropio
1150 1535 1297 1620 pendere

156 1641 285 1706 omnino
308 1640 462 1707 credibile
484 1643 618 1724 nonsit,
640 1642 723 1707 nihil
744 1648 866 1723 restat,
891 1642 955 1707 nisi
977 1647 1015 1706 ut
1043 1641 1100 1705 illa
1128 1640 1231 1706 verba
1260 1639 1295 1703 in

156 1741 322 1824 Suetonio,
346 1763 411 1826 quo
433 1749 574 1827 uterque
588 1746 753 1828 utebatur,
776 1747 837 1810 iam
853 1748 976 1828 scripta
991 1744 1089 1809 fuisse
1104 1764 1297 1808 censeamus

155 1848 177 1914 i.
197 1868 224 1914 e.
246 1848 280 1911 in
302 1845 460 1912 Suetonio
482 1851 578 1912 aucto
602 1853 634 1912 et
656 1848 800 1934 paullum
822 1849 1004 1913 immutato.

241 1966 334 2031 Idem
356 1966 445 2032 cadit
466 1966 500 2031 in
520 1967 621 2033 vitam
643 1967 839 2055 Vespasiani
869 1967 973 2055 (Fpit.
997 1966 1097 2052 ala),
1123 1965 1178 2031 ubi
1205 1987 1296 2031 mors

153 2071 242 2138 iliius
263 2069 471 2157 imperatoris
498 2068 700 2140 describitur.
745 2071 954 2158 Epitomator
987 2071 1068 2134 enim
1099 2091 1294 2153 quamquam

155 2174 190 2241 in
213 2194 252 2238 ea
275 2172 458 2238 enarranda
480 2173 586 2238 itaut
608 2173 787 2262 Eutropius
809 2179 899 2238 totus
922 2193 963 2238 ex
979 2171 1137 2238 Suetonio
1161 2171 1296 2260 pendet,

156 2297 250 2361 quem
271 2281 410 2358 uterque
432 2273 501 2340 fere
524 2274 567 2340 ad
587 2276 717 2341 verbum
732 2275 898 2356 exscribit,
914 2280 1024 2340 tamen
1038 2280 1207 2340 mortuum
1224 2294 1296 2340 esse

155 2378 387 2466 imperatorem
409 2377 513 2443 tradit
537 2380 725 2460 „ventris
749 2378 888 2443 eluvie
918 2377 1064 2460 fessum“,
1092 2399 1164 2442 eum
1205 2380 1294 2464 apud

160 2480 352 2548 Suetonium
373 2479 455 2544 nihil
475 2479 603 2564 legatur
624 2482 688 2547 nisi
710 2481 938 2569 imperatorem
962 2481 1053 2562 „alvo
1085 2485 1220 2567 repente
1243 2501 1296 2544 us·

156 2604 222 2668 que
244 2583 288 2649 ad
310 2582 527 2651 defectionem
552 2585 678 2650 soluta“
703 2585 900 2650 exstinctum
923 2604 1000 2650 esse.
1045 2583 1158 2649 Paene
1180 2581 1291 2648 eaden

154 2692 266 2752 autem
288 2686 388 2752 verba
409 2686 499 2774 apud
520 2687 719 2774 Eutropium
742 2688 879 2772 (7,20,2)
902 2687 1051 2768 redeunt,
1075 2687 1131 2769 qui
1169 2736 1184 2768 „
1197 2706 1296 2773 pro·

154 2789 282 2856 fluvio
305 2790 501 2855 ventris“
525 2790 747 2876 imperatorem
769 2794 925 2854 mortuum
948 2809 1019 2855 esse
1041 2789 1131 2858 dicit.

240 2908 317 2974 Huc
351 2908 436 2974 illud
473 2928 606 2992 quoque
642 2910 797 2992 pertinet,
823 2909 911 2994 quod
932 2909 1142 2993 Epitomator
1165 2908 1322 2992 (10,15)·

155 3009 272 3078 Titum
287 3012 518 3095 imperatorem
533 3012 698 3078 interiisse
712 3017 826 3078 narrat
842 3011 973 3096 „apud
988 3011 1167 3079 Sabinos
1183 3017 1295 3095 agro“,

155 3135 229 3182 cum
258 3112 432 3180 Suetonius
465 3113 544 3193 (Tit.
577 3118 645 3202 11.)
676 3137 748 3181 eum
778 3115 955 3181 decessisse
983 3121 1213 3180 commemoret
1246 3115 1299 3195 „in

155 3218 285 3300 eadem,
317 3239 383 3302 qua
402 3224 500 3301 pater
521 3218 617 3284 villa“
650 3223 684 3284 et
716 3238 759 3283 ne
787 3219 821 3283 in
843 3217 1040 3301 Vespasiani
1071 3216 1202 3299 quidem
1230 3218 1301 3283 vita

156 3321 332 3408 quicquam
354 3321 444 3387 aliud
466 3319 529 3387 nisi
552 3321 717 3402 „Reatina
737 3328 832 3387 rura“
856 3321 1011 3389 nominet.
1056 3319 1298 3404 Epitomatoris

155 3429 269 3490 autem
290 3424 390 3492 verba
411 3445 486 3490 eum
500 3424 662 3508 Eutropio
686 3426 883 3508 conspirant,
907 3424 962 3508 qui
976 3425 1010 3488 in
1024 3421 1095 3487 Titi
1109 3425 1178 3488 vita
1192 3423 1303 3510 (732)
1320 3434 1323 3440 '

156 3525 243 3591 idem
267 3527 355 3610 quod
377 3528 551 3593 Suetonius
572 3530 674 3612 ponit,
696 3527 731 3592 in
746 3529 814 3595 vita
843 3535 953 3594 autem
974 3526 1172 3611 Vespasiani
1198 3527 1303 3610 impe·

161 3633 287 3694 atorem
311 3629 364 3711 „in
388 3631 467 3696 villa
493 3632 628 3715 propria
656 3630 774 3697 circa
795 3631 998 3698 Sabinos“
1029 3635 1196 3696 mortuum
1227 3649 1302 3710 esse

159 3737 282 3808 narrat.

246 3857 330 3919 Item
351 3853 437 3919 ratio
460 3853 621 3938 quaedam
642 3855 729 3920 inter
741 3853 903 3920 Nostrum
925 3858 959 3918 et
970 3851 1169 3935 Eutropium
1183 3850 1219 3915 in
1231 3849 1304 3916 Titi

60 3980 62 3985 ·
157 3955 227 4021 rita
247 3956 432 4023 intercedat
452 3977 584 4024 neeesse
608 3962 667 4024 est.
713 3955 929 4024 Consentiens
945 3956 1031 4022 enim
1055 3975 1129 4020 eum
1143 3952 1307 4021 Suetonio

154 4056 280 4125 Noster
301 4060 363 4128 hoo
385 4060 515 4127 tradit:
1035 4063 1040 4069 “
