<?xml version="1.0" encoding="UTF-8"?>
<!DOCTYPE html PUBLIC "-//W3C//DTD XHTML 1.0 Transitional//EN"
    "http://www.w3.org/TR/xhtml1/DTD/xhtml1-transitional.dtd">
<html xmlns="http://www.w3.org/1999/xhtml" xml:lang="en" lang="en">
 <head>
  <title>
</title>
<meta http-equiv="Content-Type" content="text/html;charset=utf-8" />
  <meta name='ocr-system' content='tesseract 3.04.00' />
  <meta name='ocr-capabilities' content='ocr_page ocr_carea ocr_par ocr_line ocrx_word'/>
</head>
<body>
  <div class='ocr_page' id='page_1' title='image "./quibusexfontibu00cohngoog_0041.png"; bbox 0 0 2684 4500; ppageno 0'>
   <div class='ocr_carea' id='block_1_1' title="bbox 698 205 739 266">
    <p class='ocr_par' dir='ltr' id='par_1_1' title="bbox 698 205 739 266">
     <span class='ocr_line' id='line_1_1' title="bbox 698 205 739 266; baseline 0 0"><span class='ocrx_word' id='word_1_1' title='bbox 698 205 739 266; x_wconf 87' lang='grc'>36</span> 
     </span>
    </p>
   </div>
   <div class='ocr_carea' id='block_1_2' title="bbox 149 370 1300 786">
    <p class='ocr_par' dir='ltr' id='par_1_2' title="bbox 149 370 1300 786">
     <span class='ocr_line' id='line_1_2' title="bbox 150 370 1300 443; baseline 0.003 -18"><span class='ocrx_word' id='word_1_2' title='bbox 150 372 277 426; x_wconf 87' lang='lat' dir='ltr'>criminis</span> <span class='ocrx_word' id='word_1_3' title='bbox 301 371 446 426; x_wconf 83' lang='lat' dir='ltr'>convictos</span> <span class='ocrx_word' id='word_1_4' title='bbox 478 372 692 441; x_wconf 76' lang='lat' dir='ltr'><strong>oppressit,</strong></span> <span class='ocrx_word' id='word_1_5' title='bbox 747 370 823 426; x_wconf 90' lang='lat' dir='ltr'>haud</span> <span class='ocrx_word' id='word_1_6' title='bbox 842 373 1009 426; x_wconf 78' lang='lat' dir='ltr'>cunctanter</span> <span class='ocrx_word' id='word_1_7' title='bbox 1028 371 1232 443; x_wconf 80' lang='lat' dir='ltr'><strong>oppressit.</strong></span> <span class='ocrx_word' id='word_1_8' title='bbox 1264 373 1300 429; x_wconf 91' lang='lat' dir='ltr'>ln</span> 
     </span>
     <span class='ocr_line' id='line_1_3' title="bbox 151 456 1298 527; baseline -0.001 -14"><span class='ocrx_word' id='word_1_9' title='bbox 151 457 261 527; x_wconf 90' lang='lat' dir='ltr'>inquis</span> <span class='ocrx_word' id='word_1_10' title='bbox 288 458 486 514; x_wconf 81' lang='lat' dir='ltr'>Caecinam</span> <span class='ocrx_word' id='word_1_11' title='bbox 515 457 693 512; x_wconf 89' lang='lat' dir='ltr'>consula·</span> <span class='ocrx_word' id='word_1_12' title='bbox 746 457 790 510; x_wconf 91' lang='lat' dir='ltr'>his</span> <span class='ocrx_word' id='word_1_13' title='bbox 808 457 915 510; x_wconf 88' lang='lat' dir='ltr'>Aulum</span> <span class='ocrx_word' id='word_1_14' title='bbox 934 456 1136 512; x_wconf 80' lang='lat' dir='ltr'>Caecinam</span> <span class='ocrx_word' id='word_1_15' title='bbox 1161 475 1298 512; x_wconf 90' lang='lat' dir='ltr'>consu·</span> 
     </span>
     <span class='ocr_line' id='line_1_4' title="bbox 151 543 1299 599; baseline 0.001 -1"><span class='ocrx_word' id='word_1_16' title='bbox 151 561 226 598; x_wconf 88' lang='lat' dir='ltr'>rem</span> <span class='ocrx_word' id='word_1_17' title='bbox 256 543 414 597; x_wconf 87' lang='lat' dir='ltr'>adhibitum</span> <span class='ocrx_word' id='word_1_18' title='bbox 444 560 583 597; x_wconf 89' lang='lat' dir='ltr'>coenae</span> <span class='ocrx_word' id='word_1_19' title='bbox 613 544 693 597; x_wconf 87' lang='lat' dir='ltr'>vix·</span> <span class='ocrx_word' id='word_1_20' title='bbox 745 543 861 597; x_wconf 91' lang='lat' dir='ltr'>larem</span> <span class='ocrx_word' id='word_1_21' title='bbox 893 547 1027 598; x_wconf 86' lang='lat' dir='ltr'>vocatum</span> <span class='ocrx_word' id='word_1_22' title='bbox 1056 544 1099 598; x_wconf 90' lang='lat' dir='ltr'>ad</span> <span class='ocrx_word' id='word_1_23' title='bbox 1138 560 1299 599; x_wconf 89' lang='lat' dir='ltr'>coenam</span> 
     </span>
     <span class='ocr_line' id='line_1_5' title="bbox 149 629 1296 699; baseline -0.003 -14"><span class='ocrx_word' id='word_1_24' title='bbox 149 631 230 685; x_wconf 89' lang='lat' dir='ltr'>dum</span> <span class='ocrx_word' id='word_1_25' title='bbox 248 629 422 685; x_wconf 88' lang='lat' dir='ltr'>triclinio</span> <span class='ocrx_word' id='word_1_26' title='bbox 448 645 692 698; x_wconf 82' lang='lat' dir='ltr'>egressum..</span> <span class='ocrx_word' id='word_1_27' title='bbox 745 645 778 682; x_wconf 87' lang='lat' dir='ltr'>uc</span> <span class='ocrx_word' id='word_1_28' title='bbox 796 629 947 683; x_wconf 87' lang='lat' dir='ltr'>vixdum</span> <span class='ocrx_word' id='word_1_29' title='bbox 965 629 1142 683; x_wconf 90' lang='lat' dir='ltr'>triclinio</span> <span class='ocrx_word' id='word_1_30' title='bbox 1169 647 1296 699; x_wconf 86' lang='lat' dir='ltr'>egres·</span> 
     </span>
     <span class='ocr_line' id='line_1_6' title="bbox 160 713 1084 786; baseline -0.002 -17"><span class='ocrx_word' id='word_1_31' title='bbox 160 717 272 786; x_wconf 85' lang='lat' dir='ltr'>ngulari</span> <span class='ocrx_word' id='word_1_32' title='bbox 290 716 409 771; x_wconf 88' lang='lat' dir='ltr'>iussit.</span> <span class='ocrx_word' id='word_1_33' title='bbox 744 730 819 767; x_wconf 91' lang='lat' dir='ltr'>sum</span> <span class='ocrx_word' id='word_1_34' title='bbox 832 713 946 768; x_wconf 89' lang='lat' dir='ltr'>confodi</span> <span class='ocrx_word' id='word_1_35' title='bbox 963 713 1084 768; x_wconf 87' lang='lat' dir='ltr'>iussit.</span> 
     </span>
    </p>
   </div>
   <div class='ocr_carea' id='block_1_3' title="bbox 148 869 1340 2091">
    <p class='ocr_par' dir='ltr' id='par_1_3' title="bbox 148 869 1340 2091">
     <span class='ocr_line' id='line_1_7' title="bbox 236 869 1294 958; baseline -0.001 -22"><span class='ocrx_word' id='word_1_36' title='bbox 236 870 443 954; x_wconf 80' lang='lat' dir='ltr'>Quamquam</span> <span class='ocrx_word' id='word_1_37' title='bbox 474 869 575 953; x_wconf 81' lang='lat' dir='ltr'>igitur</span> <span class='ocrx_word' id='word_1_38' title='bbox 606 871 814 958; x_wconf 88' lang='lat' dir='ltr'>perspicuum</span> <span class='ocrx_word' id='word_1_39' title='bbox 837 875 896 951; x_wconf 89' lang='lat' dir='ltr'>est,</span> <span class='ocrx_word' id='word_1_40' title='bbox 926 870 1189 957; x_wconf 86' lang='lat' dir='ltr'>Epitomatorem</span> <span class='ocrx_word' id='word_1_41' title='bbox 1213 869 1294 935; x_wconf 90' lang='lat' dir='ltr'>Sue·</span> 
     </span>
     <span class='ocr_line' id='line_1_8' title="bbox 148 971 1291 1060; baseline -0.004 -18"><span class='ocrx_word' id='word_1_42' title='bbox 148 977 276 1042; x_wconf 89' lang='lat' dir='ltr'>tonium</span> <span class='ocrx_word' id='word_1_43' title='bbox 298 974 517 1060; x_wconf 82' lang='lat' dir='ltr'>exscripsisse,</span> <span class='ocrx_word' id='word_1_44' title='bbox 547 979 658 1038; x_wconf 90' lang='lat' dir='ltr'>tamen</span> <span class='ocrx_word' id='word_1_45' title='bbox 688 994 827 1054; x_wconf 86' lang='lat' dir='ltr'>causam,</span> <span class='ocrx_word' id='word_1_46' title='bbox 857 994 916 1038; x_wconf 92' lang='lat' dir='ltr'>cur</span> <span class='ocrx_word' id='word_1_47' title='bbox 937 971 1078 1038; x_wconf 87' lang='lat' dir='ltr'>Caecina</span> <span class='ocrx_word' id='word_1_48' title='bbox 1099 972 1291 1038; x_wconf 84' lang='lat' dir='ltr'>interfectus</span> 
     </span>
     <span class='ocr_line' id='line_1_9' title="bbox 149 1076 1296 1165; baseline -0.003 -22"><span class='ocrx_word' id='word_1_49' title='bbox 149 1079 204 1159; x_wconf 91' lang='lat' dir='ltr'>sit,</span> <span class='ocrx_word' id='word_1_50' title='bbox 229 1078 326 1143; x_wconf 91' lang='lat' dir='ltr'>aliam</span> <span class='ocrx_word' id='word_1_51' title='bbox 348 1076 476 1165; x_wconf 78' lang='lat' dir='ltr'>profert</span> <span class='ocrx_word' id='word_1_52' title='bbox 498 1098 537 1141; x_wconf 92' lang='lat' dir='ltr'>ac</span> <span class='ocrx_word' id='word_1_53' title='bbox 560 1077 747 1144; x_wconf 76' lang='lat' dir='ltr'>Suetonius.</span> <span class='ocrx_word' id='word_1_54' title='bbox 793 1077 860 1161; x_wconf 81' lang='lat' dir='ltr'>Qui</span> <span class='ocrx_word' id='word_1_55' title='bbox 876 1097 948 1141; x_wconf 89' lang='lat' dir='ltr'>eum</span> <span class='ocrx_word' id='word_1_56' title='bbox 961 1077 1101 1141; x_wconf 90' lang='lat' dir='ltr'>occisum</span> <span class='ocrx_word' id='word_1_57' title='bbox 1124 1097 1197 1141; x_wconf 85' lang='lat' dir='ltr'>esse.</span> <span class='ocrx_word' id='word_1_58' title='bbox 1218 1077 1296 1140; x_wconf 90' lang='lat' dir='ltr'>scri·</span> 
     </span>
     <span class='ocr_line' id='line_1_10' title="bbox 152 1180 1295 1267; baseline -0.003 -20"><span class='ocrx_word' id='word_1_59' title='bbox 152 1182 217 1263; x_wconf 83' lang='lat' dir='ltr'>bit,</span> <span class='ocrx_word' id='word_1_60' title='bbox 235 1184 312 1265; x_wconf 90' lang='lat' dir='ltr'>quia</span> <span class='ocrx_word' id='word_1_61' title='bbox 333 1183 369 1246; x_wconf 93' lang='lat' dir='ltr'>in</span> <span class='ocrx_word' id='word_1_62' title='bbox 391 1180 611 1266; x_wconf 88' lang='lat' dir='ltr'>suspicionem</span> <span class='ocrx_word' id='word_1_63' title='bbox 637 1180 735 1266; x_wconf 89' lang='lat' dir='ltr'>petiti</span> <span class='ocrx_word' id='word_1_64' title='bbox 766 1180 896 1267; x_wconf 91' lang='lat' dir='ltr'>imperii</span> <span class='ocrx_word' id='word_1_65' title='bbox 917 1180 1104 1262; x_wconf 91' lang='lat' dir='ltr'>vocabatur,</span> <span class='ocrx_word' id='word_1_66' title='bbox 1127 1180 1295 1267; x_wconf 83' lang='lat' dir='ltr'>Epitoma-</span> 
     </span>
     <span class='ocr_line' id='line_1_11' title="bbox 150 1284 1296 1371; baseline -0.002 -23"><span class='ocrx_word' id='word_1_67' title='bbox 150 1293 206 1349; x_wconf 89' lang='lat' dir='ltr'>tor</span> <span class='ocrx_word' id='word_1_68' title='bbox 229 1285 289 1364; x_wconf 84' lang='lat' dir='ltr'>„ob</span> <span class='ocrx_word' id='word_1_69' title='bbox 305 1285 520 1371; x_wconf 87' lang='lat' dir='ltr'>suspicionem</span> <span class='ocrx_word' id='word_1_70' title='bbox 535 1287 707 1369; x_wconf 90' lang='lat' dir='ltr'>stupratae</span> <span class='ocrx_word' id='word_1_71' title='bbox 730 1284 841 1348; x_wconf 85' lang='lat' dir='ltr'>uxoris</span> <span class='ocrx_word' id='word_1_72' title='bbox 865 1303 938 1348; x_wconf 91' lang='lat' dir='ltr'>eum</span> <span class='ocrx_word' id='word_1_73' title='bbox 959 1289 1111 1348; x_wconf 89' lang='lat' dir='ltr'>necatum</span> <span class='ocrx_word' id='word_1_74' title='bbox 1127 1303 1198 1348; x_wconf 89' lang='lat' dir='ltr'>esse</span> <span class='ocrx_word' id='word_1_75' title='bbox 1222 1304 1296 1348; x_wconf 90' lang='lat' dir='ltr'>con·</span> 
     </span>
     <span class='ocr_line' id='line_1_12' title="bbox 151 1385 1293 1472; baseline -0.002 -20"><span class='ocrx_word' id='word_1_76' title='bbox 151 1387 290 1455; x_wconf 84' lang='lat' dir='ltr'>tendit.“</span> <span class='ocrx_word' id='word_1_77' title='bbox 338 1386 445 1470; x_wconf 80' lang='lat' dir='ltr'>Quam</span> <span class='ocrx_word' id='word_1_78' title='bbox 474 1408 543 1451; x_wconf 89' lang='lat' dir='ltr'>rem</span> <span class='ocrx_word' id='word_1_79' title='bbox 573 1385 772 1466; x_wconf 86' lang='lat' dir='ltr'>singularem</span> <span class='ocrx_word' id='word_1_80' title='bbox 799 1385 932 1450; x_wconf 87' lang='lat' dir='ltr'>finxisse</span> <span class='ocrx_word' id='word_1_81' title='bbox 962 1387 1093 1450; x_wconf 89' lang='lat' dir='ltr'>minime</span> <span class='ocrx_word' id='word_1_82' title='bbox 1126 1385 1293 1472; x_wconf 91' lang='lat' dir='ltr'>putandus</span> 
     </span>
     <span class='ocr_line' id='line_1_13' title="bbox 150 1489 1293 1574; baseline -0.002 -18"><span class='ocrx_word' id='word_1_83' title='bbox 150 1498 219 1572; x_wconf 84' lang='lat' dir='ltr'>est3</span> <span class='ocrx_word' id='word_1_84' title='bbox 243 1497 276 1556; x_wconf 89' lang='lat' dir='ltr'>et</span> <span class='ocrx_word' id='word_1_85' title='bbox 305 1511 345 1556; x_wconf 92' lang='lat' dir='ltr'>ne</span> <span class='ocrx_word' id='word_1_86' title='bbox 378 1489 453 1555; x_wconf 85' lang='lat' dir='ltr'>fieri</span> <span class='ocrx_word' id='word_1_87' title='bbox 487 1489 619 1573; x_wconf 91' lang='lat' dir='ltr'>quidem</span> <span class='ocrx_word' id='word_1_88' title='bbox 651 1489 771 1572; x_wconf 86' lang='lat' dir='ltr'>potuit,</span> <span class='ocrx_word' id='word_1_89' title='bbox 808 1495 846 1553; x_wconf 91' lang='lat' dir='ltr'>ut</span> <span class='ocrx_word' id='word_1_90' title='bbox 879 1495 937 1552; x_wconf 92' lang='lat' dir='ltr'>aut</span> <span class='ocrx_word' id='word_1_91' title='bbox 960 1490 1152 1554; x_wconf 85' lang='lat' dir='ltr'>Suetonium</span> <span class='ocrx_word' id='word_1_92' title='bbox 1181 1496 1293 1574; x_wconf 90' lang='lat' dir='ltr'>aperte</span> 
     </span>
     <span class='ocr_line' id='line_1_14' title="bbox 150 1591 1340 1677; baseline -0.004 -19"><span class='ocrx_word' id='word_1_93' title='bbox 150 1594 299 1658; x_wconf 92' lang='lat' dir='ltr'>locutum</span> <span class='ocrx_word' id='word_1_94' title='bbox 321 1593 405 1659; x_wconf 91' lang='lat' dir='ltr'>male</span> <span class='ocrx_word' id='word_1_95' title='bbox 427 1593 644 1677; x_wconf 84' lang='lat' dir='ltr'>intellegeret,</span> <span class='ocrx_word' id='word_1_96' title='bbox 676 1598 735 1656; x_wconf 91' lang='lat' dir='ltr'>aut</span> <span class='ocrx_word' id='word_1_97' title='bbox 766 1591 829 1656; x_wconf 91' lang='lat' dir='ltr'>hoc</span> <span class='ocrx_word' id='word_1_98' title='bbox 866 1613 906 1656; x_wconf 88' lang='lat' dir='ltr'>ex</span> <span class='ocrx_word' id='word_1_99' title='bbox 935 1591 999 1657; x_wconf 92' lang='lat' dir='ltr'>alio</span> <span class='ocrx_word' id='word_1_100' title='bbox 1022 1591 1112 1657; x_wconf 88' lang='lat' dir='ltr'>fonte</span> <span class='ocrx_word' id='word_1_101' title='bbox 1134 1593 1291 1674; x_wconf 81' lang='lat' dir='ltr'>hauriret,</span> <span class='ocrx_word' id='word_1_102' title='bbox 1338 1648 1340 1653; x_wconf 81' lang='grc'>,</span> 
     </span>
     <span class='ocr_line' id='line_1_15' title="bbox 150 1694 1291 1780; baseline -0.001 -19"><span class='ocrx_word' id='word_1_103' title='bbox 150 1698 273 1780; x_wconf 83' lang='lat' dir='ltr'>ignoto,</span> <span class='ocrx_word' id='word_1_104' title='bbox 296 1718 368 1761; x_wconf 90' lang='lat' dir='ltr'>cum</span> <span class='ocrx_word' id='word_1_105' title='bbox 390 1697 424 1761; x_wconf 93' lang='lat' dir='ltr'>in</span> <span class='ocrx_word' id='word_1_106' title='bbox 447 1696 504 1778; x_wconf 87' lang='lat' dir='ltr'>eis,</span> <span class='ocrx_word' id='word_1_107' title='bbox 535 1718 617 1780; x_wconf 89' lang='lat' dir='ltr'>quos</span> <span class='ocrx_word' id='word_1_108' title='bbox 640 1694 800 1760; x_wconf 91' lang='lat' dir='ltr'>hahemus</span> <span class='ocrx_word' id='word_1_109' title='bbox 821 1695 924 1778; x_wconf 89' lang='lat' dir='ltr'>libris,</span> <span class='ocrx_word' id='word_1_110' title='bbox 956 1695 1040 1760; x_wconf 88' lang='lat' dir='ltr'>nihil</span> <span class='ocrx_word' id='word_1_111' title='bbox 1062 1694 1131 1760; x_wconf 90' lang='lat' dir='ltr'>tale</span> <span class='ocrx_word' id='word_1_112' title='bbox 1152 1696 1291 1760; x_wconf 88' lang='lat' dir='ltr'>invenia-</span> 
     </span>
     <span class='ocr_line' id='line_1_16' title="bbox 149 1797 1292 1882; baseline 0 -18"><span class='ocrx_word' id='word_1_113' title='bbox 149 1807 217 1864; x_wconf 91' lang='lat' dir='ltr'>tur.</span> <span class='ocrx_word' id='word_1_114' title='bbox 261 1799 484 1882; x_wconf 84' lang='lat' dir='ltr'>Relinquitur,</span> <span class='ocrx_word' id='word_1_115' title='bbox 507 1805 544 1865; x_wconf 92' lang='lat' dir='ltr'>ut</span> <span class='ocrx_word' id='word_1_116' title='bbox 568 1797 748 1877; x_wconf 91' lang='lat' dir='ltr'>credamus,</span> <span class='ocrx_word' id='word_1_117' title='bbox 771 1797 1033 1880; x_wconf 82' lang='lat' dir='ltr'>Epitomatorem</span> <span class='ocrx_word' id='word_1_118' title='bbox 1049 1799 1190 1864; x_wconf 89' lang='lat' dir='ltr'>alteram</span> <span class='ocrx_word' id='word_1_119' title='bbox 1210 1821 1292 1866; x_wconf 90' lang='lat' dir='ltr'>mor·</span> 
     </span>
     <span class='ocr_line' id='line_1_17' title="bbox 148 1900 1291 1987; baseline 0.001 -20"><span class='ocrx_word' id='word_1_120' title='bbox 148 1903 193 1967; x_wconf 87' lang='lat' dir='ltr'>tis</span> <span class='ocrx_word' id='word_1_121' title='bbox 216 1900 377 1968; x_wconf 80' lang='lat' dir='ltr'>Caecinae</span> <span class='ocrx_word' id='word_1_122' title='bbox 400 1922 532 1968; x_wconf 91' lang='lat' dir='ltr'>causam</span> <span class='ocrx_word' id='word_1_123' title='bbox 551 1904 585 1967; x_wconf 92' lang='lat' dir='ltr'>in</span> <span class='ocrx_word' id='word_1_124' title='bbox 609 1923 657 1985; x_wconf 93' lang='lat' dir='ltr'>eo,</span> <span class='ocrx_word' id='word_1_125' title='bbox 681 1922 745 1985; x_wconf 89' lang='lat' dir='ltr'>quo</span> <span class='ocrx_word' id='word_1_126' title='bbox 775 1902 939 1986; x_wconf 91' lang='lat' dir='ltr'>utebatur,</span> <span class='ocrx_word' id='word_1_127' title='bbox 973 1904 1127 1968; x_wconf 84' lang='lat' dir='ltr'>Suetonio</span> <span class='ocrx_word' id='word_1_128' title='bbox 1150 1903 1291 1987; x_wconf 88' lang='lat' dir='ltr'>adscrip-</span> 
     </span>
     <span class='ocr_line' id='line_1_18' title="bbox 151 2007 552 2091; baseline 0 -21"><span class='ocrx_word' id='word_1_129' title='bbox 151 2013 219 2070; x_wconf 88' lang='lat' dir='ltr'>tam</span> <span class='ocrx_word' id='word_1_130' title='bbox 243 2007 346 2071; x_wconf 90' lang='lat' dir='ltr'>solam</span> <span class='ocrx_word' id='word_1_131' title='bbox 367 2007 552 2091; x_wconf 89' lang='lat' dir='ltr'>protulisse.</span> 
     </span>
    </p>
   </div>
   <div class='ocr_carea' id='block_1_4' title="bbox 150 2143 1300 2743">
    <p class='ocr_par' dir='ltr' id='par_1_4' title="bbox 150 2143 1300 2743">
     <span class='ocr_line' id='line_1_19' title="bbox 238 2143 1294 2228; baseline 0 -20"><span class='ocrx_word' id='word_1_132' title='bbox 238 2143 369 2227; x_wconf 87' lang='lat' dir='ltr'>Restat,</span> <span class='ocrx_word' id='word_1_133' title='bbox 402 2152 440 2210; x_wconf 90' lang='lat' dir='ltr'>ut</span> <span class='ocrx_word' id='word_1_134' title='bbox 471 2167 573 2211; x_wconf 92' lang='lat' dir='ltr'>unum</span> <span class='ocrx_word' id='word_1_135' title='bbox 595 2144 866 2228; x_wconf 85' lang='lat' dir='ltr'>additamentum,</span> <span class='ocrx_word' id='word_1_136' title='bbox 896 2144 984 2227; x_wconf 91' lang='lat' dir='ltr'>quod</span> <span class='ocrx_word' id='word_1_137' title='bbox 1005 2145 1039 2208; x_wconf 92' lang='lat' dir='ltr'>in</span> <span class='ocrx_word' id='word_1_138' title='bbox 1060 2145 1130 2211; x_wconf 84' lang='lat' dir='ltr'>vita</span> <span class='ocrx_word' id='word_1_139' title='bbox 1152 2144 1294 2210; x_wconf 90' lang='lat' dir='ltr'>Domiti-</span> 
     </span>
     <span class='ocr_line' id='line_1_20' title="bbox 151 2247 1299 2330; baseline 0.002 -20"><span class='ocrx_word' id='word_1_140' title='bbox 151 2248 207 2328; x_wconf 85' lang='lat' dir='ltr'>ani</span> <span class='ocrx_word' id='word_1_141' title='bbox 221 2248 374 2328; x_wconf 88' lang='lat' dir='ltr'>occurrit,</span> <span class='ocrx_word' id='word_1_142' title='bbox 398 2247 495 2330; x_wconf 88' lang='lat' dir='ltr'>quale</span> <span class='ocrx_word' id='word_1_143' title='bbox 513 2249 567 2330; x_wconf 85' lang='lat' dir='ltr'>sit,</span> <span class='ocrx_word' id='word_1_144' title='bbox 589 2247 766 2314; x_wconf 88' lang='lat' dir='ltr'>videamus.</span> <span class='ocrx_word' id='word_1_145' title='bbox 792 2248 945 2330; x_wconf 79' lang='lat' dir='ltr'>Epitome</span> <span class='ocrx_word' id='word_1_146' title='bbox 960 2248 1045 2311; x_wconf 92' lang='lat' dir='ltr'>enim</span> <span class='ocrx_word' id='word_1_147' title='bbox 1059 2247 1129 2314; x_wconf 90' lang='lat' dir='ltr'>sola</span> <span class='ocrx_word' id='word_1_148' title='bbox 1151 2248 1299 2315; x_wconf 90' lang='lat' dir='ltr'>omnium</span> 
     </span>
     <span class='ocr_line' id='line_1_21' title="bbox 152 2349 1298 2432; baseline 0.001 -19"><span class='ocrx_word' id='word_1_149' title='bbox 152 2349 311 2413; x_wconf 88' lang='lat' dir='ltr'>librorum</span> <span class='ocrx_word' id='word_1_150' title='bbox 334 2351 545 2432; x_wconf 89' lang='lat' dir='ltr'>antiquorum</span> <span class='ocrx_word' id='word_1_151' title='bbox 568 2372 699 2416; x_wconf 86' lang='lat' dir='ltr'>causam</span> <span class='ocrx_word' id='word_1_152' title='bbox 733 2351 876 2431; x_wconf 85' lang='lat' dir='ltr'>exhibet,</span> <span class='ocrx_word' id='word_1_153' title='bbox 899 2372 958 2415; x_wconf 91' lang='lat' dir='ltr'>cur</span> <span class='ocrx_word' id='word_1_154' title='bbox 979 2349 1020 2416; x_wconf 89' lang='lat' dir='ltr'>L.</span> <span class='ocrx_word' id='word_1_155' title='bbox 1043 2351 1219 2432; x_wconf 75' lang='lat' dir='ltr'>Antonino,</span> <span class='ocrx_word' id='word_1_156' title='bbox 1244 2372 1298 2416; x_wconf 92' lang='lat' dir='ltr'>sn-</span> 
     </span>
     <span class='ocr_line' id='line_1_22' title="bbox 151 2450 1300 2540; baseline -0.001 -21"><span class='ocrx_word' id='word_1_157' title='bbox 151 2453 290 2540; x_wconf 88' lang='lat' dir='ltr'>perioris</span> <span class='ocrx_word' id='word_1_158' title='bbox 315 2450 513 2518; x_wconf 80' lang='lat' dir='ltr'>Germaniae</span> <span class='ocrx_word' id='word_1_159' title='bbox 535 2473 678 2537; x_wconf 87' lang='lat' dir='ltr'>praeses,</span> <span class='ocrx_word' id='word_1_160' title='bbox 709 2455 814 2538; x_wconf 81' lang='lat' dir='ltr'>(Suet.</span> <span class='ocrx_word' id='word_1_161' title='bbox 839 2453 965 2519; x_wconf 84' lang='lat' dir='ltr'>Domit.</span> <span class='ocrx_word' id='word_1_162' title='bbox 996 2458 1029 2534; x_wconf 84' lang='grc'>6)</span> <span class='ocrx_word' id='word_1_163' title='bbox 1060 2474 1080 2518; x_wconf 88' lang='lat' dir='ltr'>a</span> <span class='ocrx_word' id='word_1_164' title='bbox 1102 2453 1300 2518; x_wconf 91' lang='lat' dir='ltr'>Domitiano</span> 
     </span>
     <span class='ocr_line' id='line_1_23' title="bbox 152 2556 1300 2641; baseline -0.002 -20"><span class='ocrx_word' id='word_1_165' title='bbox 152 2557 308 2622; x_wconf 87' lang='lat' dir='ltr'>defecerit</span> <span class='ocrx_word' id='word_1_166' title='bbox 331 2561 364 2621; x_wconf 91' lang='lat' dir='ltr'>et</span> <span class='ocrx_word' id='word_1_167' title='bbox 386 2562 501 2621; x_wconf 88' lang='lat' dir='ltr'>contra</span> <span class='ocrx_word' id='word_1_168' title='bbox 535 2578 609 2622; x_wconf 91' lang='lat' dir='ltr'>eum</span> <span class='ocrx_word' id='word_1_169' title='bbox 637 2577 730 2621; x_wconf 89' lang='lat' dir='ltr'>arma</span> <span class='ocrx_word' id='word_1_170' title='bbox 760 2557 893 2641; x_wconf 87' lang='lat' dir='ltr'>ceperit,</span> <span class='ocrx_word' id='word_1_171' title='bbox 918 2556 1005 2639; x_wconf 90' lang='lat' dir='ltr'>qnod</span> <span class='ocrx_word' id='word_1_172' title='bbox 1037 2556 1219 2640; x_wconf 89' lang='lat' dir='ltr'>imperator</span> <span class='ocrx_word' id='word_1_173' title='bbox 1240 2556 1300 2620; x_wconf 91' lang='lat' dir='ltr'>ille</span> 
     </span>
     <span class='ocr_line' id='line_1_24' title="bbox 150 2661 689 2743; baseline 0 -19"><span class='ocrx_word' id='word_1_174' title='bbox 150 2681 228 2724; x_wconf 90' lang='lat' dir='ltr'>eum</span> <span class='ocrx_word' id='word_1_175' title='bbox 250 2664 394 2724; x_wconf 88' lang='lat' dir='ltr'>scortum</span> <span class='ocrx_word' id='word_1_176' title='bbox 417 2661 624 2743; x_wconf 88' lang='lat' dir='ltr'>appellasset.</span> <span class='ocrx_word' id='word_1_177' title='bbox 638 2663 689 2741; x_wconf 78' lang='lat'>³²)</span> 
     </span>
    </p>
   </div>
   <div class='ocr_carea' id='block_1_5' title="bbox 150 2794 1300 3395">
    <p class='ocr_par' dir='ltr' id='par_1_5' title="bbox 150 2794 1300 3395">
     <span class='ocr_line' id='line_1_25' title="bbox 241 2794 1293 2879; baseline -0.002 -18"><span class='ocrx_word' id='word_1_178' title='bbox 241 2794 335 2879; x_wconf 82' lang='lat' dir='ltr'>Quae</span> <span class='ocrx_word' id='word_1_179' title='bbox 367 2797 592 2863; x_wconf 88' lang='lat' dir='ltr'>additamenta</span> <span class='ocrx_word' id='word_1_180' title='bbox 629 2797 795 2862; x_wconf 91' lang='lat' dir='ltr'>interdum</span> <span class='ocrx_word' id='word_1_181' title='bbox 831 2802 900 2863; x_wconf 91' lang='lat' dir='ltr'>tam</span> <span class='ocrx_word' id='word_1_182' title='bbox 937 2802 1009 2861; x_wconf 92' lang='lat' dir='ltr'>arte</span> <span class='ocrx_word' id='word_1_183' title='bbox 1042 2816 1117 2860; x_wconf 89' lang='lat' dir='ltr'>oum</span> <span class='ocrx_word' id='word_1_184' title='bbox 1139 2795 1293 2860; x_wconf 85' lang='lat' dir='ltr'>Suetonio</span> 
     </span>
     <span class='ocr_line' id='line_1_26' title="bbox 150 2897 1299 2989; baseline -0.005 -21"><span class='ocrx_word' id='word_1_185' title='bbox 150 2905 224 2989; x_wconf 87' lang='lat' dir='ltr'>ipso</span> <span class='ocrx_word' id='word_1_186' title='bbox 247 2901 421 2966; x_wconf 89' lang='lat' dir='ltr'>coniuncta</span> <span class='ocrx_word' id='word_1_187' title='bbox 443 2907 521 2966; x_wconf 88' lang='lat' dir='ltr'>sunt</span> <span class='ocrx_word' id='word_1_188' title='bbox 542 2907 580 2965; x_wconf 89' lang='lat' dir='ltr'>ut</span> <span class='ocrx_word' id='word_1_189' title='bbox 601 2898 670 2964; x_wconf 87' lang='lat' dir='ltr'>fere</span> <span class='ocrx_word' id='word_1_190' title='bbox 692 2898 811 2964; x_wconf 85' lang='lat' dir='ltr'>adduci</span> <span class='ocrx_word' id='word_1_191' title='bbox 832 2899 947 2985; x_wconf 88' lang='lat' dir='ltr'>possis,</span> <span class='ocrx_word' id='word_1_192' title='bbox 970 2904 1009 2963; x_wconf 90' lang='lat' dir='ltr'>ut</span> <span class='ocrx_word' id='word_1_193' title='bbox 1032 2897 1299 2984; x_wconf 87' lang='lat' dir='ltr'>Epitomatorem</span> 
     </span>
     <span class='ocr_line' id='line_1_27' title="bbox 151 3000 1294 3088; baseline -0.005 -18"><span class='ocrx_word' id='word_1_194' title='bbox 151 3005 283 3070; x_wconf 88' lang='lat' dir='ltr'>omnino</span> <span class='ocrx_word' id='word_1_195' title='bbox 305 3024 370 3068; x_wconf 91' lang='lat' dir='ltr'>non</span> <span class='ocrx_word' id='word_1_196' title='bbox 392 3023 432 3068; x_wconf 86' lang='lat' dir='ltr'>ex</span> <span class='ocrx_word' id='word_1_197' title='bbox 454 3003 608 3069; x_wconf 79' lang='lat' dir='ltr'>Suetonio</span> <span class='ocrx_word' id='word_1_198' title='bbox 631 3002 689 3067; x_wconf 89' lang='lat' dir='ltr'>sed</span> <span class='ocrx_word' id='word_1_199' title='bbox 710 3022 751 3066; x_wconf 89' lang='lat' dir='ltr'>ex</span> <span class='ocrx_word' id='word_1_200' title='bbox 782 3002 852 3066; x_wconf 90' lang='lat' dir='ltr'>eius</span> <span class='ocrx_word' id='word_1_201' title='bbox 885 3000 976 3066; x_wconf 88' lang='lat' dir='ltr'>fonte</span> <span class='ocrx_word' id='word_1_202' title='bbox 1005 3000 1148 3088; x_wconf 88' lang='lat' dir='ltr'>pendere</span> <span class='ocrx_word' id='word_1_203' title='bbox 1170 3000 1294 3083; x_wconf 85' lang='lat' dir='ltr'>credas,</span> 
     </span>
     <span class='ocr_line' id='line_1_28' title="bbox 152 3101 1300 3189; baseline -0.005 -16"><span class='ocrx_word' id='word_1_204' title='bbox 152 3107 211 3173; x_wconf 89' lang='lat' dir='ltr'>sed</span> <span class='ocrx_word' id='word_1_205' title='bbox 240 3107 303 3171; x_wconf 88' lang='lat' dir='ltr'>hoc</span> <span class='ocrx_word' id='word_1_206' title='bbox 333 3126 371 3172; x_wconf 92' lang='lat' dir='ltr'>eo</span> <span class='ocrx_word' id='word_1_207' title='bbox 405 3105 576 3187; x_wconf 79' lang='lat' dir='ltr'>refellitur,</span> <span class='ocrx_word' id='word_1_208' title='bbox 603 3105 690 3189; x_wconf 88' lang='lat' dir='ltr'>quod</span> <span class='ocrx_word' id='word_1_209' title='bbox 712 3105 905 3170; x_wconf 89' lang='lat' dir='ltr'>Suetonium</span> <span class='ocrx_word' id='word_1_210' title='bbox 936 3109 1065 3170; x_wconf 88' lang='lat' dir='ltr'>constat</span> <span class='ocrx_word' id='word_1_211' title='bbox 1086 3101 1210 3168; x_wconf 80' lang='lat' dir='ltr'>fontem</span> <span class='ocrx_word' id='word_1_212' title='bbox 1232 3123 1300 3167; x_wconf 91' lang='lat' dir='ltr'>nou</span> 
     </span>
     <span class='ocr_line' id='line_1_29' title="bbox 154 3205 1294 3295; baseline -0.004 -20"><span class='ocrx_word' id='word_1_213' title='bbox 154 3211 197 3275; x_wconf 88' lang='lat' dir='ltr'>ad</span> <span class='ocrx_word' id='word_1_214' title='bbox 219 3210 354 3274; x_wconf 82' lang='lat' dir='ltr'>verbum</span> <span class='ocrx_word' id='word_1_215' title='bbox 376 3209 592 3295; x_wconf 87' lang='lat' dir='ltr'>exscripsisse,</span> <span class='ocrx_word' id='word_1_216' title='bbox 623 3208 658 3273; x_wconf 93' lang='lat' dir='ltr'>id</span> <span class='ocrx_word' id='word_1_217' title='bbox 687 3207 775 3291; x_wconf 91' lang='lat' dir='ltr'>quod</span> <span class='ocrx_word' id='word_1_218' title='bbox 801 3207 859 3271; x_wconf 91' lang='lat' dir='ltr'>illo</span> <span class='ocrx_word' id='word_1_219' title='bbox 882 3227 954 3271; x_wconf 89' lang='lat' dir='ltr'>oum</span> <span class='ocrx_word' id='word_1_220' title='bbox 978 3205 1105 3288; x_wconf 80' lang='lat' dir='ltr'>Tacito,</span> <span class='ocrx_word' id='word_1_221' title='bbox 1139 3206 1197 3288; x_wconf 92' lang='lat' dir='ltr'>qui</span> <span class='ocrx_word' id='word_1_222' title='bbox 1220 3226 1294 3270; x_wconf 90' lang='lat' dir='ltr'>eun-</span> 
     </span>
     <span class='ocr_line' id='line_1_30' title="bbox 151 3298 881 3395; baseline -0.003 -17"><span class='ocrx_word' id='word_1_223' title='bbox 151 3313 229 3378; x_wconf 90' lang='lat' dir='ltr'>dem</span> <span class='ocrx_word' id='word_1_224' title='bbox 250 3317 383 3377; x_wconf 87' lang='lat' dir='ltr'>secutus</span> <span class='ocrx_word' id='word_1_225' title='bbox 406 3316 456 3376; x_wconf 90' lang='lat' dir='ltr'>est</span> <span class='ocrx_word' id='word_1_226' title='bbox 470 3312 602 3395; x_wconf 88' lang='lat' dir='ltr'>fontem,</span> <span class='ocrx_word' id='word_1_227' title='bbox 625 3311 745 3376; x_wconf 89' lang='lat' dir='ltr'>collato</span> <span class='ocrx_word' id='word_1_228' title='bbox 768 3298 881 3376; x_wconf 85' lang='lat' dir='ltr'>elucet</span> 
     </span>
    </p>
   </div>
   <div class='ocr_carea' id='block_1_6' title="bbox 151 3445 1295 3745">
    <p class='ocr_par' dir='ltr' id='par_1_6' title="bbox 151 3445 1295 3745">
     <span class='ocr_line' id='line_1_31' title="bbox 240 3445 1295 3535; baseline -0.004 -21"><span class='ocrx_word' id='word_1_229' title='bbox 240 3449 335 3532; x_wconf 73' lang='lat' dir='ltr'>Quae</span> <span class='ocrx_word' id='word_1_230' title='bbox 358 3471 431 3515; x_wconf 88' lang='lat' dir='ltr'>cum</span> <span class='ocrx_word' id='word_1_231' title='bbox 451 3449 502 3514; x_wconf 90' lang='lat' dir='ltr'>ita</span> <span class='ocrx_word' id='word_1_232' title='bbox 524 3449 598 3531; x_wconf 89' lang='lat' dir='ltr'>sint,</span> <span class='ocrx_word' id='word_1_233' title='bbox 628 3449 695 3513; x_wconf 88' lang='lat' dir='ltr'>iam</span> <span class='ocrx_word' id='word_1_234' title='bbox 715 3447 789 3535; x_wconf 89' lang='lat' dir='ltr'>ipsa</span> <span class='ocrx_word' id='word_1_235' title='bbox 810 3447 962 3533; x_wconf 84' lang='lat' dir='ltr'>Epitome</span> <span class='ocrx_word' id='word_1_236' title='bbox 984 3445 1187 3532; x_wconf 88' lang='lat' dir='ltr'>perlustrata</span> <span class='ocrx_word' id='word_1_237' title='bbox 1209 3445 1295 3510; x_wconf 74' lang='lat' dir='ltr'>ude-</span> 
     </span>
     <span class='ocr_line' id='line_1_32' title="bbox 152 3547 1294 3639; baseline -0.004 -22"><span class='ocrx_word' id='word_1_238' title='bbox 152 3573 234 3635; x_wconf 90' lang='lat' dir='ltr'>mus,</span> <span class='ocrx_word' id='word_1_239' title='bbox 255 3553 527 3639; x_wconf 79' lang='lat' dir='ltr'>Epitomatorem</span> <span class='ocrx_word' id='word_1_240' title='bbox 562 3571 627 3616; x_wconf 93' lang='lat' dir='ltr'>non</span> <span class='ocrx_word' id='word_1_241' title='bbox 664 3556 732 3615; x_wconf 92' lang='lat' dir='ltr'>tres</span> <span class='ocrx_word' id='word_1_242' title='bbox 770 3551 828 3616; x_wconf 90' lang='lat' dir='ltr'>sed</span> <span class='ocrx_word' id='word_1_243' title='bbox 861 3549 943 3615; x_wconf 89' lang='lat' dir='ltr'>duos</span> <span class='ocrx_word' id='word_1_244' title='bbox 965 3547 1155 3614; x_wconf 88' lang='lat' dir='ltr'>adhibuisse</span> <span class='ocrx_word' id='word_1_245' title='bbox 1176 3547 1294 3621; x_wconf 88' lang='lat' dir='ltr'>fontes,</span> 
     </span>
     <span class='ocr_line' id='line_1_33' title="bbox 151 3651 1294 3745; baseline -0.004 -25"><span class='ocrx_word' id='word_1_246' title='bbox 151 3656 294 3720; x_wconf 88' lang='lat' dir='ltr'>alterum</span> <span class='ocrx_word' id='word_1_247' title='bbox 316 3654 498 3737; x_wconf 87' lang='lat' dir='ltr'>Victorem,</span> <span class='ocrx_word' id='word_1_248' title='bbox 532 3674 597 3737; x_wconf 93' lang='lat' dir='ltr'>qno</span> <span class='ocrx_word' id='word_1_249' title='bbox 631 3653 727 3745; x_wconf 82' lang='lat' dir='ltr'>quasi</span> <span class='ocrx_word' id='word_1_250' title='bbox 757 3653 860 3719; x_wconf 91' lang='lat' dir='ltr'>libelli</span> <span class='ocrx_word' id='word_1_251' title='bbox 890 3651 1101 3718; x_wconf 88' lang='lat' dir='ltr'>fundamento</span> <span class='ocrx_word' id='word_1_252' title='bbox 1133 3657 1294 3731; x_wconf 88' lang='lat' dir='ltr'>uteretur,</span> 
     </span>
    </p>
   </div>
   <div class='ocr_carea' id='block_1_7' title="bbox 153 3891 1295 4055">
    <p class='ocr_par' dir='ltr' id='par_1_7' title="bbox 153 3891 1295 4055">
     <span class='ocr_line' id='line_1_34' title="bbox 208 3891 1295 3963; baseline -0.005 -12"><span class='ocrx_word' id='word_1_253' title='bbox 208 3901 252 3961; x_wconf 82' lang='lat'>³²)</span> <span class='ocrx_word' id='word_1_254' title='bbox 285 3895 350 3951; x_wconf 92' lang='lat' dir='ltr'>Hoc</span> <span class='ocrx_word' id='word_1_255' title='bbox 381 3896 565 3951; x_wconf 85' lang='lat' dir='ltr'>admonemur</span> <span class='ocrx_word' id='word_1_256' title='bbox 583 3895 641 3950; x_wconf 91' lang='lat' dir='ltr'>eius</span> <span class='ocrx_word' id='word_1_257' title='bbox 660 3911 771 3961; x_wconf 87' lang='lat' dir='ltr'>causae,</span> <span class='ocrx_word' id='word_1_258' title='bbox 801 3910 857 3963; x_wconf 84' lang='lat' dir='ltr'>qua</span> <span class='ocrx_word' id='word_1_259' title='bbox 876 3892 1014 3950; x_wconf 87' lang='lat' dir='ltr'>Suetonio</span> <span class='ocrx_word' id='word_1_260' title='bbox 1033 3896 1149 3948; x_wconf 85' lang='lat' dir='ltr'>auctore</span> <span class='ocrx_word' id='word_1_261' title='bbox 1167 3891 1295 3949; x_wconf 85' lang='lat' dir='ltr'>Chaerea</span> 
     </span>
     <span class='ocr_line' id='line_1_35' title="bbox 153 3981 903 4055; baseline 0.003 -18"><span class='ocrx_word' id='word_1_262' title='bbox 153 3988 257 4038; x_wconf 87' lang='lat' dir='ltr'>contra</span> <span class='ocrx_word' id='word_1_263' title='bbox 275 3982 437 4055; x_wconf 82' lang='lat' dir='ltr'>Caligulam</span> <span class='ocrx_word' id='word_1_264' title='bbox 456 3986 488 4036; x_wconf 89' lang='lat' dir='ltr'>ut</span> <span class='ocrx_word' id='word_1_265' title='bbox 506 3981 673 4046; x_wconf 85' lang='lat' dir='ltr'>ooninraret,</span> <span class='ocrx_word' id='word_1_266' title='bbox 691 3981 831 4036; x_wconf 86' lang='lat' dir='ltr'>adductus</span> <span class='ocrx_word' id='word_1_267' title='bbox 850 3985 903 4039; x_wconf 84' lang='lat' dir='ltr'>est.</span> 
     </span>
    </p>
   </div>
   <div class='ocr_carea' id='block_1_8' title="bbox 0 0 1346 4500">
    <p class='ocr_par' dir='ltr' id='par_1_8' title="bbox 0 0 1346 4500">
     <span class='ocr_line' id='line_1_36' title="bbox 0 0 1346 4500; baseline 0 0"><span class='ocrx_word' id='word_1_268' title='bbox 0 0 1346 4500; x_wconf 95' lang='lat' dir='ltr'> </span> 
     </span>
    </p>
   </div>
  </div>
 </body>
</html>
