2684 4500
601 193 642 254 53

49 361 182 427 verbum
195 361 281 426 inter
294 381 330 425 se
345 359 549 426 concinentes
564 359 660 442 locos,
684 379 767 442 quos
781 358 1004 446 deprehendit,
1028 360 1082 425 vix
1094 359 1190 426 Taci-

51 471 119 530 turn
158 464 260 551 ipsum
297 462 476 532 aVictore
510 463 544 527 in
580 483 671 528 usum
691 468 837 528 vocatum
860 484 931 528 esse
958 462 1190 546 confirmassem

51 568 166 650 itaque
188 565 333 631 refutata
349 564 408 629 illa
423 564 464 629 de
479 563 679 650 plenioribus
702 565 846 636 Victoris
872 567 1016 632 historiis
1042 567 1191 648 opinione

57 668 153 736 etiam
167 666 348 733 Woelfflini
363 668 526 733 sententia
541 673 714 734 corrueret.
752 667 837 734 Tum
851 667 968 735 Tacito
983 669 1011 733 si
1018 691 1112 734 usum
1123 690 1193 735 esse

54 772 224 842 Victorem
246 771 431 853 statuimur,
468 771 567 836 etiam
588 771 729 836 Dionem
752 776 785 837 et
806 771 965 855 quosdam
986 772 1068 837 alios
1090 773 1192 856 scrip-

52 879 143 939 tores
181 871 366 939 adhibuisse
398 873 562 960 putandus
599 884 692 938 esset.
752 872 867 957 Quid?
902 873 998 958 Quod
1020 876 1054 939 in
1078 874 1192 940 eadem

54 997 91 1042 re
113 976 279 1042 narranda
294 975 464 1045 Victorem
486 982 638 1061 quattuor
658 977 764 1043 fontes
786 999 957 1066 usurpasse
978 984 1194 1044 statueremus

55 1099 187 1145 necesse
209 1084 304 1146 esset.

146 1180 249 1258 Ouius
270 1183 320 1248 rei
340 1205 439 1249 unum
460 1183 561 1249 liceat
583 1183 765 1267 exemplum
787 1184 912 1251 afferre.

142 1289 180 1349 In
209 1286 278 1351 vita
304 1288 389 1352 enim
411 1285 542 1352 Claudii
564 1287 682 1357 Victor
711 1286 883 1373 (qo-11)
912 1289 1103 1353 Messalinae
1135 1287 1193 1354 fla·

59 1387 142 1472 gitia
165 1389 332 1458 describit.
376 1390 431 1455 Ac
451 1391 593 1473 primum
614 1389 742 1473 quidem
765 1388 905 1456 Dionem
928 1390 1084 1473 sequitur.

272 1560 335 1602 cess
369 1563 387 1602 t.
862 1561 907 1602 Dio
921 1559 984 1602 eost.

60 1628 214 1683 nobiliores
233 1563 478 1698 quasqudnuptas
499 1632 528 1683 et
545 1629 600 1683 vir-
653 1632 729 1682 tortu
757 1627 812 1688 ὅτε,
841 1630 871 1680 ἐν
898 1592 952 1694 τῴ,
965 1627 1091 1694 παλατίῳ
1126 1627 1198 1695 αὐτή

59 1716 138 1784 gines
156 1718 315 1768 scortorum
327 1713 411 1768 modo
431 1731 527 1768 secum
537 1731 602 1784 pro·
654 1735 684 1768 τε
711 1716 860 1778 ἐκαθέζοτο
887 1719 933 1766 καὶ
964 1714 1013 1770 τὰς
1043 1712 1123 1770 ἄλλος
1148 1716 1198 1770 τὰς

60 1801 200 1868 stituerat,
213 1801 358 1868 coactique
373 1817 473 1867 mares,
491 1800 535 1855 uti
553 1801 601 1853 ad·
655 1801 765 1872 πρῶτος
782 1799 901 1862 ἐκάθιζε.

60 1888 160 1939 essent.
711 1886 750 1939 18.
768 1879 828 1938 τῶν
846 1883 957 1960 ἀνδρῶν
982 1887 1130 1957 παρόντων
1151 1889 1197 1937 καὶ

654 1970 795 2042 ὁρώντων.

148 2128 191 2195 In
212 2126 346 2211 periodo
368 2131 478 2192 autem
498 2126 681 2211 insequenti
702 2124 858 2192 Suetonio
879 2127 1000 2191 utitur:

98 2281 177 2338 Caes.
205 2280 378 2349 4,9‡;iuieoto
406 2283 486 2334 metu
514 2280 602 2351 agita·
689 2279 768 2335 Suet.
799 2279 898 2336 Claud.
925 2280 967 2335 37.
998 2279 1128 2349 scrupulo
1154 2281 1198 2334 in-

63 2367 142 2420 bant.
655 2364 729 2420 iecto
746 2367 974 2435 compelleretur.

152 2503 237 2567 Tum
260 2503 408 2571 Victoris
430 2500 531 2568 verbs
552 2491 670 2567 iterum
695 2502 737 2566 ad
766 2503 902 2566 Dionem
934 2503 1069 2585 propius
1102 2523 1200 2584 quam

66 2604 108 2671 ad
131 2604 322 2672 Suetonium
344 2604 511 2670 accedunt.
556 2604 663 2687 (Caes.
685 2608 776 2688 4,10;
809 2604 865 2687 qui
886 2606 992 2686 primo
1022 2604 1200 2669 sceleribus

66 2707 151 2774 coll
167 2709 412 2777 ubantes...
436 2707 685 2773 interfecere-
709 2708 792 2773 Dio:
816 2707 848 2773 ot
873 2707 1059 2793 Καισάρειοι
1080 2705 1201 2782 πάντες

66 2807 283 2892 ὡμονόουν
312 2804 445 2895 αὐτῇ...
467 2809 624 2897 ἐφθάρη).
686 2808 753 2876 Sed
797 2810 898 2875 etiam
931 2808 1083 2874 Tacitum
1115 2810 1202 2892 sapit

69 2911 227 2995 quaedam
244 2933 297 2978 res
312 2933 333 2977 a
347 2913 483 2982 Victore
503 2912 639 2997 tradita,
662 2934 744 2995 quae
766 2913 853 2995 apud
875 2913 967 2977 illum
989 2913 1059 2977 sola
1079 2910 1201 2993 redeat,

69 3014 279 3080 Messalinam
315 3015 387 3081 dico
424 3007 562 3082 Claudio
600 3016 714 3098 ignaro
745 3013 961 3082 interfectam.
1017 3013 1070 3078 De
1103 3034 1203 3078 causa

67 3126 190 3199 autem,
222 3140 279 3183 our
301 3117 457 3184 Claudius
482 3116 611 3184 Ostiam
640 3116 805 3201 profectus
833 3119 890 3200 sit,
926 3116 1046 3198 „animi
1075 3137 1114 3180 ac
1136 3114 1202 3198 pel-

66 3223 165 3287 licum
188 3222 315 3305 gratia“
338 3221 454 3290 Victor
475 3240 579 3304 neque
605 3242 678 3286 cum
700 3219 818 3286 Tacito
851 3218 1040 3302 t„sanrilicii
1068 3220 1201 3298 causa“)

68 3345 173 3407 neque
198 3344 269 3388 cum
293 3322 401 3388 Dione
424 3321 546 3409 („7rpb9
567 3321 743 3409 ἐπίσκεψιν
765 3327 891 3408 σίνου“)
914 3343 1016 3405 neque
1039 3341 1113 3385 oum
1134 3320 1202 3385 ullo

10 3496 12 3505 ,
68 3435 147 3492 noto
167 3428 325 3508 scriptore
347 3427 519 3507 consentit,
541 3428 590 3490 ita
611 3433 648 3492 ut
671 3447 737 3492 eam
760 3426 816 3492 alii
838 3424 922 3490 fonti
943 3425 1055 3489 deberi
1072 3444 1204 3489 necesse

68 3532 111 3612 sit
144 3529 286 3597 credere.
330 3529 462 3621 Itaque
480 3529 599 3598 Victor
630 3535 664 3594 et
693 3529 884 3596 Suetonium
917 3535 951 3592 et
984 3526 1137 3592 Tacitum
1170 3531 1204 3592 et

68 3634 209 3699 Dionem
238 3639 273 3697 et
299 3637 452 3715 quartum
479 3630 640 3715 quendam
669 3630 792 3696 fontem
824 3631 1009 3697 adhibuisse
1038 3629 1204 3713 putandus

70 3743 165 3802 esset.
211 3735 332 3802 Omnia
364 3741 475 3801 autem
508 3734 736 3818 expediuntur,
771 3734 801 3799 si
830 3735 1013 3812 statuimus,
1036 3732 1205 3800 Victorem

69 3859 174 3923 neque
207 3839 341 3921 Tacito,
373 3858 479 3921 neque
516 3836 624 3903 Dione
664 3836 722 3903 sed
758 3834 920 3903 communi
954 3835 1087 3900 illorum
1114 3834 1206 3900 fonte

68 3962 161 4007 usum
184 3962 263 4010 esse.
309 3939 378 4025 Qui
399 3939 470 4006 fons
490 3939 546 4008 ille
567 3939 682 4024 fuerit,
698 3961 771 4005 cum
794 3960 834 4005 ex
852 3960 893 4004 ea
913 3959 958 4012 re,
982 3936 1071 4022 quod
1086 3936 1207 4006 Victor

1049 4091 1069 4144 4
