2684 4500
623 216 661 281 71

201 390 234 471 2)
257 393 297 453 In
331 388 491 471 capitibus
513 386 747 470 posterioribus
782 387 880 453 aliam
914 391 1013 469 atque
1035 391 1132 452 antea
1153 409 1204 457 ra·

262 494 385 559 tionem
406 495 493 558 inter
515 490 672 557 Caesares
696 493 729 555 et
750 490 921 572 Epitomen
941 491 1153 558 intercedere.

202 598 234 685 3)
258 601 298 661 In
345 595 564 679 compluribus
612 593 773 677 capitibus
816 601 904 660 certe
947 595 1204 679 Epitomatorem

262 700 412 765 uberiore
435 698 571 766 Victore
593 719 658 763 non
681 718 753 763 essa
775 720 877 766 nsum.

200 809 234 886 4)
256 804 327 868 ficri
349 804 456 868 omnio
479 824 544 868 non
565 821 675 886 posse,
705 808 743 867 ut
764 801 847 868 liber
869 800 909 866 de
932 801 1128 868 Caesaribus
1151 825 1203 869 ex·

262 912 390 991 cerptus
414 908 465 975 sit.

72 1013 155 1098 (lap.
176 1013 238 1080 IV.
284 1012 408 1077 Fontes
431 1010 605 1093 Epitomae
629 1012 766 1075 examini
787 1010 999 1076 subiciuntur.
1036 1009 1204 1092 Epitoma-

158 1123 262 1181 torem
297 1115 465 1183 Victorem
496 1133 569 1177 cum
591 1113 749 1180 Suetonio
780 1114 1015 1178 contaminasse
1022 1134 1030 1198 ;
1061 1135 1126 1178 non
1155 1122 1204 1178 ta-

156 1239 230 1283 men
245 1217 436 1284 Suetonium
451 1218 557 1300 ipsum
573 1217 631 1281 sed
650 1222 824 1297 auctum;
844 1217 943 1281 huius
958 1217 1005 1281 rei
1024 1237 1098 1280 oum
1113 1215 1204 1282 addi·

158 1327 306 1385 tamenta
328 1323 399 1403 ipsa
421 1327 523 1386 testes
546 1340 624 1401 esse,
648 1326 718 1385 tum

71 1424 151 1509 (lap.
175 1425 215 1492 V.
233 1426 436 1510 Eutropium,
449 1424 505 1507 qui
514 1424 584 1507 ipsc
594 1444 724 1506 quoque
735 1445 775 1488 cx
784 1425 936 1489 Suetonio
949 1429 1044 1488 aucto
1057 1422 1199 1507 pendeat

201 1527 233 1613 a)
258 1526 478 1592 additamenta
500 1547 584 1609 quae
607 1526 696 1609 apud
717 1527 914 1606 Eutropium
945 1527 1105 1611 leguntur,
1128 1546 1200 1609 per·

264 1632 455 1696 lustrantur.

199 1736 237 1819 b)
260 1735 456 1819 Eutropium
479 1755 551 1800 cum
566 1727 791 1818 Epitomatore
815 1734 1009 1816 aliquotiens
1031 1734 1107 1799 mire
1130 1753 1203 1798 con·

265 1841 381 1908 cinere.

72 1944 154 2028 (lap.
174 1945 237 2012 VI.
282 1942 376 2009 Unde
399 1945 572 2008 Suetonius
594 1946 709 2006 auctus
731 1940 839 2024 fuerit,
863 1943 1041 2026 quaeritur.

158 2047 192 2132 a)
216 2067 256 2111 ox
279 2046 387 2112 Taciti
409 2046 509 2111 fonte.

159 2150 196 2231 b)
221 2172 260 2215 ex
281 2150 398 2216 Dionis
419 2148 518 2216 fonte.

161 2253 192 2339 c)
213 2253 349 2320 fortasse
372 2273 413 2317 ex
435 2253 580 2317 Suetonii
601 2253 703 2337 ipsius
723 2252 821 2321 fonte.

73 2356 154 2441 (lap.
177 2357 258 2426 VII.
301 2356 448 2426 Victoris
470 2354 577 2421 fontes
599 2356 817 2441 indagantur3
840 2356 1010 2428 Victorem

158 2463 194 2544 a)
218 2461 373 2527 Suetonio
395 2480 492 2525 usum
516 2480 595 2540 esse,

159 2562 195 2644 b)
218 2561 325 2627 Taciti
346 2568 379 2627 et
401 2563 517 2628 Dionis
541 2563 700 2627 communi
721 2563 777 2629 illo
800 2571 896 2650 sonte,

160 2665 191 2752 o)
215 2665 266 2730 Ex
287 2665 423 2748 ratione,
446 2685 530 2749 quae
552 2667 639 2731 inter
660 2666 827 2734 Victorem
857 2675 890 2734 et
912 2669 1085 2752 Epitomen
1106 2668 1205 2734 inter·

217 2768 320 2849 cedat,
354 2769 574 2835 coniciendum
603 2769 739 2854 videtur,
763 2792 838 2837 cum
858 2773 966 2856 ipsum
993 2791 1119 2857 quoque
1141 2793 1204 2842 non

216 2870 369 2937 Suetonio
391 2873 463 2955 ipso
483 2872 540 2936 sed
561 2877 654 2937 aucto
677 2895 765 2938 usum
790 2894 868 2940 esse.

73 2974 153 3060 Gap.
176 2975 280 3042 VIII.
325 2972 511 3041 Suetonium
543 2981 674 3042 auctum
707 2980 970 3063 acompluribus
992 2977 1200 3062 scriptoribus

158 3079 191 3142 in
214 3100 308 3143 usum
330 3083 475 3143 vocatum
497 3100 574 3148 esse.

202 3183 235 3250 al
257 3202 277 3246 a
299 3181 417 3247 Servio.

202 3253 239 3371 b')
262 3305 282 3349 a
303 3283 405 3367 Lydo.

204 3389 235 3472 c)
258 3387 397 3453 fortasse
420 3409 441 3452 a
462 3387 547 3453 Rufo
570 3390 668 3455 Festo
692 3399 726 3458 et
784 3405 788 3413 '

197 3493 229 3576 d)
252 3511 272 3556 a
293 3491 454 3556 quenalis
476 3492 646 3559 satirarum
667 3493 857 3578 interprete.

73 3644 269 3714 Excursus:

160 3760 254 3844 Quae
286 3766 321 3830 in
353 3767 583 3849 posterioribus
606 3769 769 3852 capitibus
798 3775 880 3836 ratio
902 3772 989 3837 inter
1011 3771 1207 3861 Eutropium
1248 3736 1250 3741 ·

159 3873 193 3931 et
214 3865 376 3937 Victorem
398 3877 497 3955 atque
519 3872 772 3956 Epitomatorem
793 3874 986 3944 intercedat.

537 4116 744 4131 m
