<?xml version="1.0" encoding="UTF-8"?>
<!DOCTYPE html PUBLIC "-//W3C//DTD XHTML 1.0 Transitional//EN"
    "http://www.w3.org/TR/xhtml1/DTD/xhtml1-transitional.dtd">
<html xmlns="http://www.w3.org/1999/xhtml" xml:lang="en" lang="en">
 <head>
  <title>
</title>
<meta http-equiv="Content-Type" content="text/html;charset=utf-8" />
  <meta name='ocr-system' content='tesseract 3.04.00' />
  <meta name='ocr-capabilities' content='ocr_page ocr_carea ocr_par ocr_line ocrx_word'/>
</head>
<body>
  <div class='ocr_page' id='page_1' title='image "./quibusexfontibu00cohngoog_0030.png"; bbox 0 0 2684 4500; ppageno 0'>
   <div class='ocr_carea' id='block_1_1' title="bbox 514 195 557 260">
    <p class='ocr_par' dir='ltr' id='par_1_1' title="bbox 514 195 557 260">
     <span class='ocr_line' id='line_1_1' title="bbox 514 195 557 260; baseline 0.023 -1"><span class='ocrx_word' id='word_1_1' title='bbox 514 195 557 260; x_wconf 76' lang='lat'><strong>25</strong></span> 
     </span>
    </p>
   </div>
   <div class='ocr_carea' id='block_1_2' title="bbox 80 354 1105 606">
    <p class='ocr_par' dir='ltr' id='par_1_2' title="bbox 80 354 1105 606">
     <span class='ocr_line' id='line_1_2' title="bbox 80 354 1104 443; baseline -0.021 -14"><span class='ocrx_word' id='word_1_2' title='bbox 80 374 213 443; x_wconf 85' lang='lat' dir='ltr'><strong>exaginta</strong></span> <span class='ocrx_word' id='word_1_3' title='bbox 232 374 373 439; x_wconf 88' lang='lat' dir='ltr'><strong>quattuor.</strong></span> <span class='ocrx_word' id='word_1_4' title='bbox 397 368 504 424; x_wconf 82' lang='lat' dir='ltr'><strong>Cuius</strong></span> <span class='ocrx_word' id='word_1_5' title='bbox 556 365 610 420; x_wconf 89' lang='lat' dir='ltr'><strong>bis</strong></span> <span class='ocrx_word' id='word_1_6' title='bbox 627 363 845 417; x_wconf 84' lang='lat' dir='ltr'><strong>memoratos</strong></span> <span class='ocrx_word' id='word_1_7' title='bbox 865 359 970 412; x_wconf 86' lang='lat' dir='ltr'><strong>lecca</strong></span> <span class='ocrx_word' id='word_1_8' title='bbox 993 354 1104 409; x_wconf 85' lang='lat' dir='ltr'><strong>advo·</strong></span> 
     </span>
     <span class='ocr_line' id='line_1_3' title="bbox 98 440 1104 527; baseline -0.02 -15"><span class='ocrx_word' id='word_1_9' title='bbox 98 464 136 513; x_wconf 91' lang='lat' dir='ltr'><strong>ut</strong></span> <span class='ocrx_word' id='word_1_10' title='bbox 163 458 342 527; x_wconf 85' lang='lat' dir='ltr'><strong>quondam</strong></span> <span class='ocrx_word' id='word_1_11' title='bbox 359 457 399 509; x_wconf 90' lang='lat' dir='ltr'><strong>in</strong></span> <span class='ocrx_word' id='word_1_12' title='bbox 418 456 505 510; x_wconf 81' lang='lat' dir='ltr'><strong>Tar·</strong></span> <span class='ocrx_word' id='word_1_13' title='bbox 557 452 647 506; x_wconf 84' lang='lat' dir='ltr'><strong>lare:</strong></span> <span class='ocrx_word' id='word_1_14' title='bbox 667 451 777 517; x_wconf 84' lang='lat' dir='ltr'><strong>atque</strong></span> <span class='ocrx_word' id='word_1_15' title='bbox 794 446 830 500; x_wconf 92' lang='lat' dir='ltr'><strong>in</strong></span> <span class='ocrx_word' id='word_1_16' title='bbox 847 447 991 514; x_wconf 83' lang='lat' dir='ltr'><strong>Aegaeo</strong></span> <span class='ocrx_word' id='word_1_17' title='bbox 1013 440 1104 495; x_wconf 90' lang='lat' dir='ltr'><strong>mari</strong></span> 
     </span>
     <span class='ocr_line' id='line_1_4' title="bbox 80 523 1105 606; baseline -0.02 -8"><span class='ocrx_word' id='word_1_18' title='bbox 80 543 238 599; x_wconf 76' lang='lat' dir='ltr'><strong>iPrisco</strong></span> <span class='ocrx_word' id='word_1_19' title='bbox 262 544 319 598; x_wconf 87' lang='lat' dir='ltr'><strong>diu</strong></span> <span class='ocrx_word' id='word_1_20' title='bbox 346 543 506 596; x_wconf 90' lang='lat' dir='ltr'><strong>occulta·</strong></span> <span class='ocrx_word' id='word_1_21' title='bbox 559 537 723 606; x_wconf 86' lang='lat' dir='ltr'><strong>repente</strong></span> <span class='ocrx_word' id='word_1_22' title='bbox 758 530 894 586; x_wconf 80' lang='lat' dir='ltr'><strong>insula</strong></span> <span class='ocrx_word' id='word_1_23' title='bbox 930 523 1105 582; x_wconf 77' lang='lat' dir='ltr'><strong>emersit.</strong></span> 
     </span>
    </p>
   </div>
   <div class='ocr_carea' id='block_1_3' title="bbox 80 611 1105 784">
    <p class='ocr_par' dir='ltr' id='par_1_3' title="bbox 80 611 1105 784">
     <span class='ocr_line' id='line_1_5' title="bbox 85 611 1104 686; baseline -0.019 -4"><span class='ocrx_word' id='word_1_24' title='bbox 85 631 152 682; x_wconf 86' lang='lat' dir='ltr'><strong>dum</strong></span> <span class='ocrx_word' id='word_1_25' title='bbox 186 634 247 683; x_wconf 87' lang='lat' dir='ltr'><strong>arte</strong></span> <span class='ocrx_word' id='word_1_26' title='bbox 273 628 407 682; x_wconf 82' lang='lat' dir='ltr'>muliebri</span> <span class='ocrx_word' id='word_1_27' title='bbox 446 645 506 682; x_wconf 89' lang='lat' dir='ltr'><strong>eor·</strong></span> <span class='ocrx_word' id='word_1_28' title='bbox 562 620 660 678; x_wconf 83' lang='lat' dir='ltr'><strong>Suet.</strong></span> <span class='ocrx_word' id='word_1_29' title='bbox 680 620 721 674; x_wconf 79' lang='lat'><strong>26.</strong></span> <span class='ocrx_word' id='word_1_30' title='bbox 746 615 982 686; x_wconf 78' lang='lat' dir='ltr'><strong>Agrippinae,</strong></span> <span class='ocrx_word' id='word_1_31' title='bbox 1012 611 1104 666; x_wconf 78' lang='lat' dir='ltr'><strong>Ger-</strong></span> 
     </span>
     <span class='ocr_line' id='line_1_6' title="bbox 80 698 1105 784; baseline -0.018 -16"><span class='ocrx_word' id='word_1_32' title='bbox 80 715 197 769; x_wconf 67' lang='lat' dir='ltr'><strong>rustodes</strong></span> <span class='ocrx_word' id='word_1_33' title='bbox 225 732 341 784; x_wconf 86' lang='lat' dir='ltr'><strong>aegrum</strong></span> <span class='ocrx_word' id='word_1_34' title='bbox 367 714 508 781; x_wconf 80' lang='lat' dir='ltr'><strong>simulant,</strong></span> <span class='ocrx_word' id='word_1_35' title='bbox 560 705 690 760; x_wconf 86' lang='lat' dir='ltr'><strong>manici</strong></span> <span class='ocrx_word' id='word_1_36' title='bbox 718 703 850 758; x_wconf 86' lang='lat' dir='ltr'><strong>fratris</strong></span> <span class='ocrx_word' id='word_1_37' title='bbox 883 701 944 754; x_wconf 89' lang='lat' dir='ltr'><strong>sui</strong></span> <span class='ocrx_word' id='word_1_38' title='bbox 979 698 1105 752; x_wconf 79' lang='lat' dir='ltr'><strong>liliam</strong></span> 
     </span>
    </p>
   </div>
   <div class='ocr_carea' id='block_1_4' title="bbox 80 782 1107 1456">
    <p class='ocr_par' dir='ltr' id='par_1_4' title="bbox 80 782 1104 869">
     <span class='ocr_line' id='line_1_7' title="bbox 80 782 1104 869; baseline -0.012 -21"><span class='ocrx_word' id='word_1_39' title='bbox 80 802 208 869; x_wconf 71' lang='lat' dir='ltr'><strong>‚rivignus</strong></span> <span class='ocrx_word' id='word_1_40' title='bbox 230 800 508 869; x_wconf 84' lang='lat' dir='ltr'><strong>eius,imper1iiura</strong></span> <span class='ocrx_word' id='word_1_41' title='bbox 562 791 682 845; x_wconf 74' lang='lat' dir='ltr'><strong>coniecit</strong></span> <span class='ocrx_word' id='word_1_42' title='bbox 693 790 816 859; x_wconf 88' lang='lat' dir='ltr'><strong>nuptias.</strong></span> <span class='ocrx_word' id='word_1_43' title='bbox 836 788 930 842; x_wconf 84' lang='lat' dir='ltr'><strong>Gaas.</strong></span> <span class='ocrx_word' id='word_1_44' title='bbox 949 786 1017 851; x_wconf 80' lang='lat'><strong>4‚13.</strong></span> <span class='ocrx_word' id='word_1_45' title='bbox 1036 782 1104 838; x_wconf 90' lang='lat' dir='ltr'><strong>Ve-</strong></span> 
     </span>
    </p>

    <p class='ocr_par' dir='ltr' id='par_1_5' title="bbox 80 870 1107 1456">
     <span class='ocr_line' id='line_1_8' title="bbox 80 870 1105 944; baseline -0.009 -13"><span class='ocrx_word' id='word_1_46' title='bbox 80 893 97 944; x_wconf 53' lang='lat' dir='ltr'><strong>r,</strong></span> <span class='ocrx_word' id='word_1_47' title='bbox 560 870 1105 944; x_wconf 83' lang='lat' dir='ltr'><strong>nenoconiugeminteremit...</strong></span> 
     </span>
     <span class='ocr_line' id='line_1_9' title="bbox 561 955 1106 1028; baseline -0.011 -15"><span class='ocrx_word' id='word_1_48' title='bbox 561 964 687 1015; x_wconf 88' lang='lat' dir='ltr'><strong>ceterum</strong></span> <span class='ocrx_word' id='word_1_49' title='bbox 706 960 812 1014; x_wconf 83' lang='lat' dir='ltr'><strong>funus</strong></span> <span class='ocrx_word' id='word_1_50' title='bbox 838 960 892 1014; x_wconf 89' lang='lat' dir='ltr'><strong>uti</strong></span> <span class='ocrx_word' id='word_1_51' title='bbox 920 955 1106 1028; x_wconf 87' lang='lat' dir='ltr'><strong>quondam</strong></span> 
     </span>
     <span class='ocr_line' id='line_1_10' title="bbox 559 1043 1105 1115; baseline 0 -17"><span class='ocrx_word' id='word_1_52' title='bbox 559 1045 597 1098; x_wconf 92' lang='lat' dir='ltr'><strong>in</strong></span> <span class='ocrx_word' id='word_1_53' title='bbox 614 1044 737 1101; x_wconf 90' lang='lat' dir='ltr'><strong>Prisco</strong></span> <span class='ocrx_word' id='word_1_54' title='bbox 757 1044 951 1115; x_wconf 77' lang='lat' dir='ltr'><strong>Tarquinio</strong></span> <span class='ocrx_word' id='word_1_55' title='bbox 970 1043 1028 1097; x_wconf 86' lang='lat' dir='ltr'><strong>diu</strong></span> <span class='ocrx_word' id='word_1_56' title='bbox 1045 1059 1105 1098; x_wconf 90' lang='lat' dir='ltr'><strong>cc·</strong></span> 
     </span>
     <span class='ocr_line' id='line_1_11' title="bbox 561 1129 1105 1197; baseline -0.002 -15"><span class='ocrx_word' id='word_1_57' title='bbox 561 1130 744 1197; x_wconf 85' lang='lat' dir='ltr'><strong>cultatum;</strong></span> <span class='ocrx_word' id='word_1_58' title='bbox 758 1131 826 1184; x_wconf 90' lang='lat' dir='ltr'><strong>dum</strong></span> <span class='ocrx_word' id='word_1_59' title='bbox 835 1134 896 1184; x_wconf 88' lang='lat' dir='ltr'><strong>arte</strong></span> <span class='ocrx_word' id='word_1_60' title='bbox 906 1129 1032 1183; x_wconf 87' lang='lat' dir='ltr'><strong>mulieris</strong></span> <span class='ocrx_word' id='word_1_61' title='bbox 1043 1145 1105 1182; x_wconf 89' lang='lat' dir='ltr'><strong>cor·</strong></span> 
     </span>
     <span class='ocr_line' id='line_1_12' title="bbox 563 1214 1107 1286; baseline -0.004 -17"><span class='ocrx_word' id='word_1_62' title='bbox 563 1217 639 1286; x_wconf 85' lang='lat' dir='ltr'><strong>rupti</strong></span> <span class='ocrx_word' id='word_1_63' title='bbox 669 1216 798 1271; x_wconf 82' lang='lat' dir='ltr'>custodes</span> <span class='ocrx_word' id='word_1_64' title='bbox 826 1231 944 1284; x_wconf 86' lang='lat' dir='ltr'><strong>aegrum</strong></span> <span class='ocrx_word' id='word_1_65' title='bbox 970 1214 1107 1268; x_wconf 86' lang='lat' dir='ltr'><strong>simulant</strong></span> 
     </span>
     <span class='ocr_line' id='line_1_13' title="bbox 562 1299 1106 1370; baseline -0.004 -16"><span class='ocrx_word' id='word_1_66' title='bbox 562 1306 647 1370; x_wconf 83' lang='lat' dir='ltr'><strong>atque</strong></span> <span class='ocrx_word' id='word_1_67' title='bbox 674 1303 710 1356; x_wconf 90' lang='lat' dir='ltr'><strong>ab</strong></span> <span class='ocrx_word' id='word_1_68' title='bbox 738 1318 771 1356; x_wconf 89' lang='lat' dir='ltr'><strong>eo</strong></span> <span class='ocrx_word' id='word_1_69' title='bbox 799 1300 964 1355; x_wconf 86' lang='lat' dir='ltr'><strong>mandatam</strong></span> <span class='ocrx_word' id='word_1_70' title='bbox 989 1299 1106 1354; x_wconf 81' lang='lat' dir='ltr'><strong>interim</strong></span> 
     </span>
     <span class='ocr_line' id='line_1_14' title="bbox 561 1386 1062 1456; baseline -0.002 -16"><span class='ocrx_word' id='word_1_71' title='bbox 561 1387 692 1456; x_wconf 88' lang='lat' dir='ltr'><strong>privigno</strong></span> <span class='ocrx_word' id='word_1_72' title='bbox 702 1429 709 1442; x_wconf 88' lang='lat'><strong>.</strong></span> <span class='ocrx_word' id='word_1_73' title='bbox 720 1427 746 1443; x_wconf 90' lang='lat'><strong>..</strong></span> <span class='ocrx_word' id='word_1_74' title='bbox 765 1403 862 1441; x_wconf 89' lang='lat' dir='ltr'><strong>curam</strong></span> <span class='ocrx_word' id='word_1_75' title='bbox 880 1386 1062 1456; x_wconf 87' lang='lat' dir='ltr'><strong>reipublicae.</strong></span> 
     </span>
    </p>
   </div>
   <div class='ocr_carea' id='block_1_5' title="bbox 80 1470 1176 3724">
    <p class='ocr_par' dir='ltr' id='par_1_6' title="bbox 80 1470 1176 2689">
     <span class='ocr_line' id='line_1_15' title="bbox 80 1470 1107 1557; baseline 0.001 -24"><span class='ocrx_word' id='word_1_76' title='bbox 80 1471 173 1543; x_wconf 78' lang='lat' dir='ltr'><strong>lueis,</strong></span> <span class='ocrx_word' id='word_1_77' title='bbox 191 1490 279 1552; x_wconf 82' lang='lat' dir='ltr'><strong>quae</strong></span> <span class='ocrx_word' id='word_1_78' title='bbox 292 1471 519 1553; x_wconf 85' lang='lat' dir='ltr'><strong>congessimus,</strong></span> <span class='ocrx_word' id='word_1_79' title='bbox 543 1473 700 1555; x_wconf 87' lang='lat' dir='ltr'><strong>exemplis</strong></span> <span class='ocrx_word' id='word_1_80' title='bbox 723 1472 940 1557; x_wconf 90' lang='lat' dir='ltr'><strong>colligendum</strong></span> <span class='ocrx_word' id='word_1_81' title='bbox 953 1477 1013 1554; x_wconf 91' lang='lat' dir='ltr'><strong>est,</strong></span> <span class='ocrx_word' id='word_1_82' title='bbox 1024 1470 1107 1535; x_wconf 92' lang='lat' dir='ltr'><strong>nihil</strong></span> 
     </span>
     <span class='ocr_line' id='line_1_16' title="bbox 80 1573 1108 1658; baseline 0 -21"><span class='ocrx_word' id='word_1_83' title='bbox 80 1575 126 1656; x_wconf 64' lang='lat' dir='ltr'><strong>lui</strong></span> <span class='ocrx_word' id='word_1_84' title='bbox 156 1574 309 1638; x_wconf 83' lang='lat' dir='ltr'><strong>historias</strong></span> <span class='ocrx_word' id='word_1_85' title='bbox 332 1579 459 1638; x_wconf 87' lang='lat' dir='ltr'><strong>nostras</strong></span> <span class='ocrx_word' id='word_1_86' title='bbox 481 1576 690 1658; x_wconf 77' lang='lat' dir='ltr'><strong>perfectiores</strong></span> <span class='ocrx_word' id='word_1_87' title='bbox 714 1582 747 1641; x_wconf 91' lang='lat' dir='ltr'><strong>et</strong></span> <span class='ocrx_word' id='word_1_88' title='bbox 769 1575 984 1650; x_wconf 87' lang='lat' dir='ltr'><strong>absolutiores</strong></span> <span class='ocrx_word' id='word_1_89' title='bbox 1005 1573 1108 1638; x_wconf 78' lang='lat' dir='ltr'><strong>fuisse</strong></span> 
     </span>
     <span class='ocr_line' id='line_1_17' title="bbox 80 1675 1108 1764; baseline 0.001 -24"><span class='ocrx_word' id='word_1_90' title='bbox 80 1682 112 1757; x_wconf 78' lang='lat' dir='ltr'><strong>rt,</strong></span> <span class='ocrx_word' id='word_1_91' title='bbox 149 1679 198 1740; x_wconf 89' lang='lat' dir='ltr'><strong>ita</strong></span> <span class='ocrx_word' id='word_1_92' title='bbox 221 1683 268 1758; x_wconf 91' lang='lat' dir='ltr'><strong>ut,</strong></span> <span class='ocrx_word' id='word_1_93' title='bbox 313 1697 396 1759; x_wconf 90' lang='lat' dir='ltr'><strong>quae</strong></span> <span class='ocrx_word' id='word_1_94' title='bbox 419 1677 572 1761; x_wconf 82' lang='lat' dir='ltr'><strong>Epitome</strong></span> <span class='ocrx_word' id='word_1_95' title='bbox 593 1681 762 1764; x_wconf 88' lang='lat' dir='ltr'><strong>praebeat,</strong></span> <span class='ocrx_word' id='word_1_96' title='bbox 799 1680 834 1744; x_wconf 90' lang='lat' dir='ltr'><strong>in</strong></span> <span class='ocrx_word' id='word_1_97' title='bbox 855 1678 940 1744; x_wconf 91' lang='lat' dir='ltr'><strong>libro</strong></span> <span class='ocrx_word' id='word_1_98' title='bbox 962 1678 1003 1742; x_wconf 89' lang='lat' dir='ltr'><strong>de</strong></span> <span class='ocrx_word' id='word_1_99' title='bbox 1025 1675 1108 1742; x_wconf 84' lang='lat' dir='ltr'><strong>an-</strong></span> 
     </span>
     <span class='ocr_line' id='line_1_18' title="bbox 80 1781 1108 1863; baseline 0.004 -22"><span class='ocrx_word' id='word_1_100' title='bbox 80 1801 94 1842; x_wconf 92' lang='lat' dir='ltr'><strong>s</strong></span> <span class='ocrx_word' id='word_1_101' title='bbox 125 1800 186 1842; x_wconf 89' lang='lat' dir='ltr'><strong>non</strong></span> <span class='ocrx_word' id='word_1_102' title='bbox 213 1787 462 1845; x_wconf 87' lang='lat' dir='ltr'><strong>commemorata</strong></span> <span class='ocrx_word' id='word_1_103' title='bbox 484 1781 527 1846; x_wconf 90' lang='lat' dir='ltr'><strong>ad</strong></span> <span class='ocrx_word' id='word_1_104' title='bbox 549 1783 718 1851; x_wconf 79' lang='lat' dir='ltr'><strong>Victorem</strong></span> <span class='ocrx_word' id='word_1_105' title='bbox 740 1783 833 1848; x_wconf 92' lang='lat' dir='ltr'><strong>illum</strong></span> <span class='ocrx_word' id='word_1_106' title='bbox 854 1781 1009 1863; x_wconf 84' lang='lat' dir='ltr'><strong>referant,</strong></span> <span class='ocrx_word' id='word_1_107' title='bbox 1031 1801 1108 1863; x_wconf 89' lang='lat' dir='ltr'><strong>pro·</strong></span> 
     </span>
     <span class='ocr_line' id='line_1_19' title="bbox 80 1883 1106 1973; baseline 0.005 -30"><span class='ocrx_word' id='word_1_108' title='bbox 80 1910 92 1945; x_wconf 64' lang='lat' dir='ltr'><strong>r.</strong></span> <span class='ocrx_word' id='word_1_109' title='bbox 137 1883 349 1964; x_wconf 86' lang='lat' dir='ltr'><strong>Perspicuum</strong></span> <span class='ocrx_word' id='word_1_110' title='bbox 379 1884 465 1947; x_wconf 89' lang='lat' dir='ltr'><strong>enim</strong></span> <span class='ocrx_word' id='word_1_111' title='bbox 487 1891 537 1950; x_wconf 93' lang='lat' dir='ltr'><strong>est</strong></span> <span class='ocrx_word' id='word_1_112' title='bbox 567 1888 685 1968; x_wconf 88' lang='lat' dir='ltr'><strong>omnia,</strong></span> <span class='ocrx_word' id='word_1_113' title='bbox 723 1906 807 1973; x_wconf 85' lang='lat' dir='ltr'><strong>quae</strong></span> <span class='ocrx_word' id='word_1_114' title='bbox 829 1885 864 1950; x_wconf 90' lang='lat' dir='ltr'><strong>in</strong></span> <span class='ocrx_word' id='word_1_115' title='bbox 885 1885 1042 1968; x_wconf 82' lang='lat' dir='ltr'><strong>Epitoma</strong></span> <span class='ocrx_word' id='word_1_116' title='bbox 1063 1884 1106 1948; x_wconf 88' lang='lat' dir='ltr'><strong>le·</strong></span> 
     </span>
     <span class='ocr_line' id='line_1_20' title="bbox 80 1985 1176 2072; baseline 0 -22"><span class='ocrx_word' id='word_1_117' title='bbox 80 2009 96 2067; x_wconf 77' lang='lat' dir='ltr'><strong>r,</strong></span> <span class='ocrx_word' id='word_1_118' title='bbox 135 1992 195 2050; x_wconf 92' lang='lat' dir='ltr'><strong>aut</strong></span> <span class='ocrx_word' id='word_1_119' title='bbox 230 1986 265 2048; x_wconf 93' lang='lat' dir='ltr'><strong>in</strong></span> <span class='ocrx_word' id='word_1_120' title='bbox 286 1992 408 2069; x_wconf 87' lang='lat' dir='ltr'><strong>nostro,</strong></span> <span class='ocrx_word' id='word_1_121' title='bbox 441 2009 535 2070; x_wconf 90' lang='lat' dir='ltr'><strong>quem</strong></span> <span class='ocrx_word' id='word_1_122' title='bbox 554 1988 721 2072; x_wconf 87' lang='lat' dir='ltr'><strong>habemus,</strong></span> <span class='ocrx_word' id='word_1_123' title='bbox 744 1988 785 2054; x_wconf 87' lang='lat' dir='ltr'><strong>de</strong></span> <span class='ocrx_word' id='word_1_124' title='bbox 807 1988 1002 2056; x_wconf 81' lang='lat' dir='ltr'><strong>Caesaribus</strong></span> <span class='ocrx_word' id='word_1_125' title='bbox 1023 1985 1105 2051; x_wconf 92' lang='lat' dir='ltr'><strong>libro</strong></span> <span class='ocrx_word' id='word_1_126' title='bbox 1174 2001 1176 2005; x_wconf 78' lang='grc'>’</span> 
     </span>
     <span class='ocr_line' id='line_1_21' title="bbox 80 2088 1105 2176; baseline 0.001 -23"><span class='ocrx_word' id='word_1_127' title='bbox 80 2089 151 2176; x_wconf 87' lang='lat' dir='ltr'><strong>pud</strong></span> <span class='ocrx_word' id='word_1_128' title='bbox 174 2089 364 2154; x_wconf 83' lang='lat' dir='ltr'><strong>Suetonium</strong></span> <span class='ocrx_word' id='word_1_129' title='bbox 396 2091 532 2155; x_wconf 88' lang='lat' dir='ltr'><strong>inveniri</strong></span> <span class='ocrx_word' id='word_1_130' title='bbox 565 2097 598 2156; x_wconf 91' lang='lat' dir='ltr'><strong>et</strong></span> <span class='ocrx_word' id='word_1_131' title='bbox 629 2114 702 2158; x_wconf 93' lang='lat' dir='ltr'><strong>cum</strong></span> <span class='ocrx_word' id='word_1_132' title='bbox 731 2091 928 2159; x_wconf 83' lang='lat' dir='ltr'><strong>adverbum</strong></span> <span class='ocrx_word' id='word_1_133' title='bbox 950 2088 1105 2156; x_wconf 88' lang='lat' dir='ltr'><strong>cumhoc</strong></span> 
     </span>
     <span class='ocr_line' id='line_1_22' title="bbox 80 2192 1106 2278; baseline 0.002 -23"><span class='ocrx_word' id='word_1_134' title='bbox 80 2199 148 2272; x_wconf 89' lang='lat' dir='ltr'><strong>ant,</strong></span> <span class='ocrx_word' id='word_1_135' title='bbox 173 2213 212 2256; x_wconf 85' lang='lat' dir='ltr'><strong>cx</strong></span> <span class='ocrx_word' id='word_1_136' title='bbox 235 2214 272 2256; x_wconf 90' lang='lat' dir='ltr'><strong>eo</strong></span> <span class='ocrx_word' id='word_1_137' title='bbox 287 2193 358 2274; x_wconf 92' lang='lat' dir='ltr'><strong>ipso</strong></span> <span class='ocrx_word' id='word_1_138' title='bbox 374 2192 512 2262; x_wconf 84' lang='lat' dir='ltr'><strong>fluxisse.</strong></span> <span class='ocrx_word' id='word_1_139' title='bbox 559 2194 648 2278; x_wconf 83' lang='lat' dir='ltr'><strong>Quid</strong></span> <span class='ocrx_word' id='word_1_140' title='bbox 663 2196 795 2262; x_wconf 89' lang='lat' dir='ltr'><strong>tandem</strong></span> <span class='ocrx_word' id='word_1_141' title='bbox 806 2194 841 2259; x_wconf 89' lang='lat' dir='ltr'><strong>in</strong></span> <span class='ocrx_word' id='word_1_142' title='bbox 855 2195 917 2259; x_wconf 91' lang='lat' dir='ltr'><strong>hcc</strong></span> <span class='ocrx_word' id='word_1_143' title='bbox 932 2192 1041 2276; x_wconf 91' lang='lat' dir='ltr'><strong>capite</strong></span> <span class='ocrx_word' id='word_1_144' title='bbox 1055 2194 1106 2270; x_wconf 80' lang='lat'><strong>²²]</strong></span> 
     </span>
     <span class='ocr_line' id='line_1_23' title="bbox 84 2293 1113 2380; baseline 0.001 -21"><span class='ocrx_word' id='word_1_145' title='bbox 84 2295 381 2361; x_wconf 84' lang='lat' dir='ltr'><strong>iusuberiorislibri</strong></span> <span class='ocrx_word' id='word_1_146' title='bbox 390 2298 544 2380; x_wconf 89' lang='lat' dir='ltr'><strong>scriptum</strong></span> <span class='ocrx_word' id='word_1_147' title='bbox 553 2293 1113 2380; x_wconf 83' lang='lat' dir='ltr'><strong>suissecredamus3„vinolibidini“,</strong></span> 
     </span>
     <span class='ocr_line' id='line_1_24' title="bbox 80 2394 1111 2485; baseline -0.002 -22"><span class='ocrx_word' id='word_1_148' title='bbox 80 2399 172 2463; x_wconf 84' lang='lat' dir='ltr'><strong>rerba</strong></span> <span class='ocrx_word' id='word_1_149' title='bbox 194 2398 282 2481; x_wconf 85' lang='lat' dir='ltr'><strong>apud</strong></span> <span class='ocrx_word' id='word_1_150' title='bbox 311 2400 480 2466; x_wconf 89' lang='lat' dir='ltr'><strong>Victorem</strong></span> <span class='ocrx_word' id='word_1_151' title='bbox 503 2401 638 2485; x_wconf 82' lang='lat' dir='ltr'><strong>desunt3</strong></span> <span class='ocrx_word' id='word_1_152' title='bbox 662 2409 698 2468; x_wconf 91' lang='lat' dir='ltr'><strong>at</strong></span> <span class='ocrx_word' id='word_1_153' title='bbox 719 2403 801 2468; x_wconf 89' lang='lat' dir='ltr'><strong>haec</strong></span> <span class='ocrx_word' id='word_1_154' title='bbox 822 2398 977 2467; x_wconf 82' lang='lat' dir='ltr'><strong>Suetonio</strong></span> <span class='ocrx_word' id='word_1_155' title='bbox 999 2394 1111 2463; x_wconf 84' lang='lat' dir='ltr'><strong>deberi</strong></span> 
     </span>
     <span class='ocr_line' id='line_1_25' title="bbox 80 2500 1114 2592; baseline 0 -28"><span class='ocrx_word' id='word_1_156' title='bbox 80 2501 174 2565; x_wconf 83' lang='lat' dir='ltr'><strong>ilinus</strong></span> <span class='ocrx_word' id='word_1_157' title='bbox 188 2504 258 2584; x_wconf 90' lang='lat' dir='ltr'><strong>ipse</strong></span> <span class='ocrx_word' id='word_1_158' title='bbox 281 2505 455 2585; x_wconf 77' lang='lat' dir='ltr'><strong>concessit3</strong></span> <span class='ocrx_word' id='word_1_159' title='bbox 481 2505 721 2592; x_wconf 84' lang='lat' dir='ltr'><strong>„Agrippinam</strong></span> <span class='ocrx_word' id='word_1_160' title='bbox 743 2505 906 2588; x_wconf 82' lang='lat' dir='ltr'><strong>privignos</strong></span> <span class='ocrx_word' id='word_1_161' title='bbox 929 2500 1114 2567; x_wconf 76' lang='lat' dir='ltr'><strong>occidisse“</strong></span> 
     </span>
     <span class='ocr_line' id='line_1_26' title="bbox 81 2605 649 2689; baseline 0.011 -21"><span class='ocrx_word' id='word_1_162' title='bbox 81 2606 113 2668; x_wconf 92' lang='lat' dir='ltr'><strong>in</strong></span> <span class='ocrx_word' id='word_1_163' title='bbox 134 2605 187 2668; x_wconf 90' lang='lat' dir='ltr'><strong>hic</strong></span> <span class='ocrx_word' id='word_1_164' title='bbox 210 2626 302 2670; x_wconf 87' lang='lat' dir='ltr'><strong>error</strong></span> <span class='ocrx_word' id='word_1_165' title='bbox 324 2607 375 2689; x_wconf 85' lang='lat' dir='ltr'><strong>sit,</strong></span> <span class='ocrx_word' id='word_1_166' title='bbox 397 2628 491 2672; x_wconf 88' lang='lat' dir='ltr'><strong>nemo</strong></span> <span class='ocrx_word' id='word_1_167' title='bbox 515 2606 649 2674; x_wconf 86' lang='lat' dir='ltr'><strong>dubitat.</strong></span> 
     </span>
    </p>

    <p class='ocr_par' dir='ltr' id='par_1_7' title="bbox 80 2708 1163 3724">
     <span class='ocr_line' id='line_1_27' title="bbox 80 2708 1113 2798; baseline 0.005 -27"><span class='ocrx_word' id='word_1_168' title='bbox 80 2708 125 2773; x_wconf 85' lang='lat' dir='ltr'><strong>ed</strong></span> <span class='ocrx_word' id='word_1_169' title='bbox 162 2730 226 2791; x_wconf 89' lang='lat' dir='ltr'><strong>qua</strong></span> <span class='ocrx_word' id='word_1_170' title='bbox 263 2709 394 2774; x_wconf 85' lang='lat' dir='ltr'><strong>tandem</strong></span> <span class='ocrx_word' id='word_1_171' title='bbox 416 2711 544 2777; x_wconf 86' lang='lat' dir='ltr'><strong>ratione</strong></span> <span class='ocrx_word' id='word_1_172' title='bbox 566 2713 659 2779; x_wconf 91' lang='lat' dir='ltr'><strong>uobis</strong></span> <span class='ocrx_word' id='word_1_173' title='bbox 682 2713 936 2798; x_wconf 86' lang='lat' dir='ltr'><strong>persuadeamus</strong></span> <span class='ocrx_word' id='word_1_174' title='bbox 961 2709 1113 2779; x_wconf 90' lang='lat' dir='ltr'><strong>Victoris</strong></span> 
     </span>
     <span class='ocr_line' id='line_1_28' title="bbox 80 2813 1109 2899; baseline 0.002 -23"><span class='ocrx_word' id='word_1_175' title='bbox 80 2815 125 2877; x_wconf 87' lang='lat' dir='ltr'><strong>ias</strong></span> <span class='ocrx_word' id='word_1_176' title='bbox 141 2813 397 2893; x_wconf 85' lang='lat' dir='ltr'><strong>a„breviatore“</strong></span> <span class='ocrx_word' id='word_1_177' title='bbox 411 2821 581 2899; x_wconf 86' lang='lat' dir='ltr'><strong>excerptas</strong></span> <span class='ocrx_word' id='word_1_178' title='bbox 596 2825 689 2885; x_wconf 73' lang='lat' dir='ltr'><strong>esset</strong></span> <span class='ocrx_word' id='word_1_179' title='bbox 702 2816 835 2883; x_wconf 87' lang='lat' dir='ltr'><strong>Dixerit</strong></span> <span class='ocrx_word' id='word_1_180' title='bbox 846 2814 1016 2899; x_wconf 86' lang='lat' dir='ltr'><strong>quispiam,</strong></span> <span class='ocrx_word' id='word_1_181' title='bbox 1032 2834 1109 2898; x_wconf 89' lang='lat' dir='ltr'><strong>par·</strong></span> 
     </span>
     <span class='ocr_line' id='line_1_29' title="bbox 80 2916 1109 3004; baseline 0.001 -24"><span class='ocrx_word' id='word_1_182' title='bbox 80 2916 189 2980; x_wconf 87' lang='lat' dir='ltr'><strong>asdam</strong></span> <span class='ocrx_word' id='word_1_183' title='bbox 196 2917 337 2981; x_wconf 88' lang='lat' dir='ltr'><strong>vitarum</strong></span> <span class='ocrx_word' id='word_1_184' title='bbox 359 2918 494 2984; x_wconf 87' lang='lat' dir='ltr'><strong>emissas</strong></span> <span class='ocrx_word' id='word_1_185' title='bbox 510 2939 579 2984; x_wconf 90' lang='lat' dir='ltr'><strong>esse</strong></span> <span class='ocrx_word' id='word_1_186' title='bbox 612 2921 663 2986; x_wconf 89' lang='lat' dir='ltr'><strong>At</strong></span> <span class='ocrx_word' id='word_1_187' title='bbox 677 2920 748 2986; x_wconf 90' lang='lat' dir='ltr'><strong>fieri</strong></span> <span class='ocrx_word' id='word_1_188' title='bbox 762 2942 827 2986; x_wconf 94' lang='lat' dir='ltr'><strong>non</strong></span> <span class='ocrx_word' id='word_1_189' title='bbox 840 2922 960 3004; x_wconf 90' lang='lat' dir='ltr'><strong>potest,</strong></span> <span class='ocrx_word' id='word_1_190' title='bbox 985 2927 1024 2982; x_wconf 95' lang='lat' dir='ltr'><strong>ut</strong></span> <span class='ocrx_word' id='word_1_191' title='bbox 1040 2936 1109 2982; x_wconf 91' lang='lat' dir='ltr'><strong>res</strong></span> 
     </span>
     <span class='ocr_line' id='line_1_30' title="bbox 80 3019 1106 3106; baseline 0.002 -24"><span class='ocrx_word' id='word_1_192' title='bbox 80 3019 228 3103; x_wconf 63' lang='lat' dir='ltr'><strong>serpendo</strong></span> <span class='ocrx_word' id='word_1_193' title='bbox 250 3020 335 3085; x_wconf 92' lang='lat' dir='ltr'><strong>libro</strong></span> <span class='ocrx_word' id='word_1_194' title='bbox 357 3021 525 3104; x_wconf 85' lang='lat' dir='ltr'><strong>neglectae</strong></span> <span class='ocrx_word' id='word_1_195' title='bbox 548 3024 624 3106; x_wconf 90' lang='lat' dir='ltr'><strong>sint,</strong></span> <span class='ocrx_word' id='word_1_196' title='bbox 660 3029 712 3089; x_wconf 85' lang='lat' dir='ltr'><strong>tot</strong></span> <span class='ocrx_word' id='word_1_197' title='bbox 735 3024 820 3089; x_wconf 92' lang='lat' dir='ltr'><strong>enim</strong></span> <span class='ocrx_word' id='word_1_198' title='bbox 843 3020 1026 3087; x_wconf 88' lang='lat' dir='ltr'><strong>sententiae</strong></span> <span class='ocrx_word' id='word_1_199' title='bbox 1051 3039 1106 3084; x_wconf 85' lang='lat' dir='ltr'><strong>ex·</strong></span> 
     </span>
     <span class='ocr_line' id='line_1_31' title="bbox 80 3122 1112 3209; baseline 0.002 -24"><span class='ocrx_word' id='word_1_200' title='bbox 80 3146 98 3186; x_wconf 91' lang='lat' dir='ltr'><strong>n</strong></span> <span class='ocrx_word' id='word_1_201' title='bbox 120 3122 230 3188; x_wconf 90' lang='lat' dir='ltr'><strong>libello</strong></span> <span class='ocrx_word' id='word_1_202' title='bbox 253 3130 374 3205; x_wconf 89' lang='lat' dir='ltr'><strong>nostro,</strong></span> <span class='ocrx_word' id='word_1_203' title='bbox 398 3146 480 3207; x_wconf 91' lang='lat' dir='ltr'><strong>quae</strong></span> <span class='ocrx_word' id='word_1_204' title='bbox 503 3127 645 3192; x_wconf 87' lang='lat' dir='ltr'><strong>narratis</strong></span> <span class='ocrx_word' id='word_1_205' title='bbox 667 3127 765 3193; x_wconf 88' lang='lat' dir='ltr'><strong>rebus</strong></span> <span class='ocrx_word' id='word_1_206' title='bbox 787 3132 945 3209; x_wconf 85' lang='lat' dir='ltr'><strong>tanquam</strong></span> <span class='ocrx_word' id='word_1_207' title='bbox 966 3124 1112 3188; x_wconf 85' lang='lat' dir='ltr'><strong>insertae</strong></span> 
     </span>
     <span class='ocr_line' id='line_1_32' title="bbox 80 3224 1116 3313; baseline 0.001 -24"><span class='ocrx_word' id='word_1_208' title='bbox 80 3246 227 3309; x_wconf 90' lang='lat' dir='ltr'><strong>quaeque</strong></span> <span class='ocrx_word' id='word_1_209' title='bbox 250 3230 318 3291; x_wconf 91' lang='lat' dir='ltr'><strong>tam</strong></span> <span class='ocrx_word' id='word_1_210' title='bbox 348 3233 446 3310; x_wconf 87' lang='lat' dir='ltr'><strong>aptae</strong></span> <span class='ocrx_word' id='word_1_211' title='bbox 469 3234 502 3294; x_wconf 90' lang='lat' dir='ltr'><strong>et</strong></span> <span class='ocrx_word' id='word_1_212' title='bbox 524 3231 697 3313; x_wconf 89' lang='lat' dir='ltr'><strong>colligatae</strong></span> <span class='ocrx_word' id='word_1_213' title='bbox 719 3230 805 3295; x_wconf 89' lang='lat' dir='ltr'><strong>inter</strong></span> <span class='ocrx_word' id='word_1_214' title='bbox 826 3248 861 3293; x_wconf 87' lang='lat' dir='ltr'><strong>se</strong></span> <span class='ocrx_word' id='word_1_215' title='bbox 883 3233 1017 3310; x_wconf 89' lang='lat' dir='ltr'><strong>tamque</strong></span> <span class='ocrx_word' id='word_1_216' title='bbox 1031 3224 1116 3291; x_wconf 90' lang='lat' dir='ltr'><strong>bene</strong></span> 
     </span>
     <span class='ocr_line' id='line_1_33' title="bbox 80 3327 1120 3415; baseline -0.001 -22"><span class='ocrx_word' id='word_1_217' title='bbox 80 3329 163 3393; x_wconf 86' lang='lat' dir='ltr'><strong>ebus</strong></span> <span class='ocrx_word' id='word_1_218' title='bbox 192 3329 235 3394; x_wconf 88' lang='lat' dir='ltr'><strong>ad</strong></span> <span class='ocrx_word' id='word_1_219' title='bbox 257 3351 340 3413; x_wconf 90' lang='lat' dir='ltr'><strong>quas</strong></span> <span class='ocrx_word' id='word_1_220' title='bbox 362 3333 535 3415; x_wconf 86' lang='lat' dir='ltr'><strong>pertinent,</strong></span> <span class='ocrx_word' id='word_1_221' title='bbox 559 3333 749 3398; x_wconf 87' lang='lat' dir='ltr'><strong>coniunctae</strong></span> <span class='ocrx_word' id='word_1_222' title='bbox 770 3337 858 3414; x_wconf 90' lang='lat' dir='ltr'><strong>sunt,</strong></span> <span class='ocrx_word' id='word_1_223' title='bbox 886 3335 924 3395; x_wconf 91' lang='lat' dir='ltr'><strong>ut</strong></span> <span class='ocrx_word' id='word_1_224' title='bbox 946 3329 1026 3394; x_wconf 85' lang='lat' dir='ltr'><strong>haec</strong></span> <span class='ocrx_word' id='word_1_225' title='bbox 1055 3327 1120 3392; x_wconf 82' lang='lat' dir='ltr'><strong>ali·</strong></span> 
     </span>
     <span class='ocr_line' id='line_1_34' title="bbox 80 3430 1124 3523; baseline -0.002 -27"><span class='ocrx_word' id='word_1_226' title='bbox 80 3438 157 3514; x_wconf 90' lang='lat' dir='ltr'><strong>tque</strong></span> <span class='ocrx_word' id='word_1_227' title='bbox 194 3431 351 3496; x_wconf 89' lang='lat' dir='ltr'><strong>habemus</strong></span> <span class='ocrx_word' id='word_1_228' title='bbox 374 3436 497 3517; x_wconf 85' lang='lat' dir='ltr'><strong>scripta</strong></span> <span class='ocrx_word' id='word_1_229' title='bbox 532 3436 631 3501; x_wconf 84' lang='lat' dir='ltr'><strong>fuisse</strong></span> <span class='ocrx_word' id='word_1_230' title='bbox 666 3440 838 3523; x_wconf 87' lang='lat' dir='ltr'><strong>nequeant.</strong></span> <span class='ocrx_word' id='word_1_231' title='bbox 885 3430 983 3515; x_wconf 81' lang='lat' dir='ltr'><strong>Quod</strong></span> <span class='ocrx_word' id='word_1_232' title='bbox 1003 3436 1124 3496; x_wconf 80' lang='lat' dir='ltr'><strong>autem.</strong></span> 
     </span>
     <span class='ocr_line' id='line_1_35' title="bbox 80 3523 1163 3621; baseline 0 -23"><span class='ocrx_word' id='word_1_233' title='bbox 80 3534 175 3599; x_wconf 85' lang='lat' dir='ltr'><strong>&#39;flinus</strong></span> <span class='ocrx_word' id='word_1_234' title='bbox 195 3540 313 3619; x_wconf 88' lang='lat' dir='ltr'><strong>censet,</strong></span> <span class='ocrx_word' id='word_1_235' title='bbox 329 3535 476 3604; x_wconf 88' lang='lat' dir='ltr'><strong>Victoris</strong></span> <span class='ocrx_word' id='word_1_236' title='bbox 489 3539 608 3605; x_wconf 91' lang='lat' dir='ltr'><strong>librum</strong></span> <span class='ocrx_word' id='word_1_237' title='bbox 621 3539 670 3604; x_wconf 90' lang='lat' dir='ltr'><strong>ita</strong></span> <span class='ocrx_word' id='word_1_238' title='bbox 691 3543 881 3621; x_wconf 87' lang='lat' dir='ltr'><strong>excerptum</strong></span> <span class='ocrx_word' id='word_1_239' title='bbox 904 3555 987 3618; x_wconf 89' lang='lat' dir='ltr'><strong>esse,</strong></span> <span class='ocrx_word' id='word_1_240' title='bbox 1009 3539 1048 3599; x_wconf 91' lang='lat' dir='ltr'><strong>ut</strong></span> <span class='ocrx_word' id='word_1_241' title='bbox 1071 3569 1113 3581; x_wconf 92' lang='lat'>-</span> <span class='ocrx_word' id='word_1_242' title='bbox 1162 3523 1163 3527; x_wconf 27' lang='lat'>¹</span> 
     </span>
     <span class='ocr_line' id='line_1_36' title="bbox 96 3637 1123 3724; baseline -0.002 -21"><span class='ocrx_word' id='word_1_243' title='bbox 96 3639 197 3704; x_wconf 84' lang='lat' dir='ltr'><strong>verba</strong></span> <span class='ocrx_word' id='word_1_244' title='bbox 219 3645 419 3722; x_wconf 85' lang='lat' dir='ltr'><strong>usurpantur</strong></span> <span class='ocrx_word' id='word_1_245' title='bbox 443 3679 478 3689; x_wconf 90' lang='lat'>-</span> <span class='ocrx_word' id='word_1_246' title='bbox 506 3662 572 3707; x_wconf 89' lang='lat' dir='ltr'><strong>non</strong></span> <span class='ocrx_word' id='word_1_247' title='bbox 593 3646 661 3707; x_wconf 91' lang='lat' dir='ltr'><strong>tam</strong></span> <span class='ocrx_word' id='word_1_248' title='bbox 676 3661 780 3708; x_wconf 84' lang='lat' dir='ltr'><strong>novae</strong></span> <span class='ocrx_word' id='word_1_249' title='bbox 794 3638 924 3724; x_wconf 86' lang='lat' dir='ltr'><strong>periodi</strong></span> <span class='ocrx_word' id='word_1_250' title='bbox 937 3637 1123 3704; x_wconf 71' lang='lat' dir='ltr'><strong>formarem-</strong></span> 
     </span>
    </p>
   </div>
   <div class='ocr_carea' id='block_1_6' title="bbox 80 3770 180 3780">
    <p class='ocr_par' dir='ltr' id='par_1_8' title="bbox 80 3770 180 3780">
     <span class='ocr_line' id='line_1_37' title="bbox 80 3770 180 3780; baseline 0.02 -2"><span class='ocrx_word' id='word_1_251' title='bbox 80 3770 180 3780; x_wconf 85' lang='lat'><strong>——-</strong></span> 
     </span>
    </p>
   </div>
   <div class='ocr_carea' id='block_1_7' title="bbox 79 3804 1119 4226">
    <p class='ocr_par' dir='ltr' id='par_1_9' title="bbox 79 3804 1119 4226">
     <span class='ocr_line' id='line_1_38' title="bbox 80 3804 1119 3882; baseline -0.005 -19"><span class='ocrx_word' id='word_1_252' title='bbox 80 3813 103 3876; x_wconf 78' lang='lat'><strong>²)</strong></span> <span class='ocrx_word' id='word_1_253' title='bbox 122 3810 187 3864; x_wconf 90' lang='lat' dir='ltr'><strong>Hoc</strong></span> <span class='ocrx_word' id='word_1_254' title='bbox 204 3810 281 3864; x_wconf 85' lang='lat' dir='ltr'><strong>idem</strong></span> <span class='ocrx_word' id='word_1_255' title='bbox 299 3811 377 3866; x_wconf 83' lang='lat' dir='ltr'><strong>cadit</strong></span> <span class='ocrx_word' id='word_1_256' title='bbox 394 3811 425 3866; x_wconf 89' lang='lat' dir='ltr'><strong>iu</strong></span> <span class='ocrx_word' id='word_1_257' title='bbox 436 3811 586 3882; x_wconf 84' lang='lat' dir='ltr'><strong>Epitomes</strong></span> <span class='ocrx_word' id='word_1_258' title='bbox 604 3811 677 3866; x_wconf 84' lang='lat' dir='ltr'><strong>vitus</strong></span> <span class='ocrx_word' id='word_1_259' title='bbox 702 3810 855 3880; x_wconf 77' lang='lat' dir='ltr'><strong>Caligulae,</strong></span> <span class='ocrx_word' id='word_1_260' title='bbox 885 3807 1004 3872; x_wconf 81' lang='lat' dir='ltr'><strong>Galbae,</strong></span> <span class='ocrx_word' id='word_1_261' title='bbox 1024 3804 1119 3860; x_wconf 79' lang='lat' dir='ltr'><strong>Otho-</strong></span> 
     </span>
     <span class='ocr_line' id='line_1_39' title="bbox 79 3894 1115 3968; baseline 0 -20"><span class='ocrx_word' id='word_1_262' title='bbox 79 3895 110 3961; x_wconf 91' lang='lat' dir='ltr'><strong>ti,</strong></span> <span class='ocrx_word' id='word_1_263' title='bbox 128 3895 178 3948; x_wconf 93' lang='lat' dir='ltr'><strong>ubi</strong></span> <span class='ocrx_word' id='word_1_264' title='bbox 196 3898 291 3951; x_wconf 90' lang='lat' dir='ltr'><strong>omnia</strong></span> <span class='ocrx_word' id='word_1_265' title='bbox 309 3898 377 3966; x_wconf 89' lang='lat' dir='ltr'><strong>fere,</strong></span> <span class='ocrx_word' id='word_1_266' title='bbox 395 3915 468 3966; x_wconf 91' lang='lat' dir='ltr'><strong>quae</strong></span> <span class='ocrx_word' id='word_1_267' title='bbox 485 3896 621 3968; x_wconf 81' lang='lat' dir='ltr'><strong>Epitcme</strong></span> <span class='ocrx_word' id='word_1_268' title='bbox 639 3898 764 3964; x_wconf 84' lang='lat' dir='ltr'><strong>exhibet,</strong></span> <span class='ocrx_word' id='word_1_269' title='bbox 794 3900 845 3952; x_wconf 89' lang='lat' dir='ltr'><strong>aut</strong></span> <span class='ocrx_word' id='word_1_270' title='bbox 864 3895 895 3950; x_wconf 93' lang='lat' dir='ltr'><strong>in</strong></span> <span class='ocrx_word' id='word_1_271' title='bbox 913 3894 999 3958; x_wconf 88' lang='lat' dir='ltr'><strong>libro,</strong></span> <span class='ocrx_word' id='word_1_272' title='bbox 1030 3910 1115 3964; x_wconf 86' lang='lat' dir='ltr'><strong>quem</strong></span> 
     </span>
     <span class='ocr_line' id='line_1_40' title="bbox 80 3980 1117 4053; baseline -0.001 -19"><span class='ocrx_word' id='word_1_273' title='bbox 80 3998 117 4048; x_wconf 84' lang='lat' dir='ltr'><strong>us,</strong></span> <span class='ocrx_word' id='word_1_274' title='bbox 147 3982 182 4037; x_wconf 91' lang='lat' dir='ltr'><strong>de</strong></span> <span class='ocrx_word' id='word_1_275' title='bbox 202 3982 368 4039; x_wconf 81' lang='lat' dir='ltr'><strong>Caesaribus</strong></span> <span class='ocrx_word' id='word_1_276' title='bbox 398 3988 449 4038; x_wconf 87' lang='lat' dir='ltr'><strong>aut</strong></span> <span class='ocrx_word' id='word_1_277' title='bbox 479 3983 517 4039; x_wconf 89' lang='lat' dir='ltr'><strong>ad</strong></span> <span class='ocrx_word' id='word_1_278' title='bbox 534 3984 654 4038; x_wconf 89' lang='lat' dir='ltr'><strong>verbum</strong></span> <span class='ocrx_word' id='word_1_279' title='bbox 674 3983 752 4053; x_wconf 83' lang='lat' dir='ltr'><strong>apud</strong></span> <span class='ocrx_word' id='word_1_280' title='bbox 769 3982 939 4038; x_wconf 81' lang='lat' dir='ltr'><strong>Suetonium</strong></span> <span class='ocrx_word' id='word_1_281' title='bbox 956 3980 1117 4035; x_wconf 86' lang='lat' dir='ltr'><strong>invenimus</strong></span> 
     </span>
     <span class='ocr_line' id='line_1_41' title="bbox 80 4066 1119 4139; baseline 0.001 -18"><span class='ocrx_word' id='word_1_282' title='bbox 80 4085 111 4122; x_wconf 86' lang='lat' dir='ltr'><strong>ae</strong></span> <span class='ocrx_word' id='word_1_283' title='bbox 140 4068 230 4138; x_wconf 87' lang='lat' dir='ltr'><strong>igitur</strong></span> <span class='ocrx_word' id='word_1_284' title='bbox 260 4070 298 4124; x_wconf 87' lang='lat' dir='ltr'><strong>ad</strong></span> <span class='ocrx_word' id='word_1_285' title='bbox 315 4070 463 4126; x_wconf 87' lang='lat' dir='ltr'><strong>Victorem</strong></span> <span class='ocrx_word' id='word_1_286' title='bbox 492 4070 575 4124; x_wconf 88' lang='lat' dir='ltr'><strong>illum</strong></span> <span class='ocrx_word' id='word_1_287' title='bbox 598 4069 701 4124; x_wconf 86' lang='lat' dir='ltr'><strong>referri</strong></span> <span class='ocrx_word' id='word_1_288' title='bbox 722 4071 884 4139; x_wconf 88' lang='lat' dir='ltr'><strong>nequeunt;</strong></span> <span class='ocrx_word' id='word_1_289' title='bbox 914 4067 956 4121; x_wconf 80' lang='lat' dir='ltr'><strong>ita</strong></span> <span class='ocrx_word' id='word_1_290' title='bbox 973 4067 1053 4123; x_wconf 86' lang='lat' dir='ltr'><strong>utin</strong></span> <span class='ocrx_word' id='word_1_291' title='bbox 1071 4066 1119 4122; x_wconf 86' lang='lat' dir='ltr'><strong>his</strong></span> 
     </span>
     <span class='ocr_line' id='line_1_42' title="bbox 80 4153 908 4226; baseline 0.004 -20"><span class='ocrx_word' id='word_1_292' title='bbox 80 4154 208 4224; x_wconf 60' lang='lat' dir='ltr'><strong>capitibus</strong></span> <span class='ocrx_word' id='word_1_293' title='bbox 227 4155 357 4212; x_wconf 86' lang='lat' dir='ltr'><strong>uberiore</strong></span> <span class='ocrx_word' id='word_1_294' title='bbox 369 4155 490 4211; x_wconf 87' lang='lat' dir='ltr'><strong>Victore</strong></span> <span class='ocrx_word' id='word_1_295' title='bbox 500 4155 685 4226; x_wconf 80' lang='lat' dir='ltr'><strong>Ilpitomater</strong></span> <span class='ocrx_word' id='word_1_296' title='bbox 702 4170 768 4209; x_wconf 86' lang='lat' dir='ltr'><strong>usus</strong></span> <span class='ocrx_word' id='word_1_297' title='bbox 785 4171 843 4210; x_wconf 91' lang='lat' dir='ltr'><strong>non</strong></span> <span class='ocrx_word' id='word_1_298' title='bbox 862 4153 908 4209; x_wconf 83' lang='lat' dir='ltr'><strong>sit.</strong></span> 
     </span>
    </p>
   </div>
   <div class='ocr_carea' id='block_1_8' title="bbox 0 0 1352 4500">
    <p class='ocr_par' dir='ltr' id='par_1_10' title="bbox 0 0 1352 4500">
     <span class='ocr_line' id='line_1_43' title="bbox 0 0 1352 4500; baseline 0 0"><span class='ocrx_word' id='word_1_299' title='bbox 0 0 1352 4500; x_wconf 95' lang='lat' dir='ltr'><strong> </strong></span> 
     </span>
    </p>
   </div>
  </div>
 </body>
</html>
