2684 4500
603 209 644 270 63

60 375 193 460 Lydum
216 374 256 440 de
278 376 444 441 mensibus
468 379 558 457 (3,39
580 398 611 461 p.
635 377 695 460 45)
726 397 801 441 cum
823 374 979 443 Suetonio
1006 376 1110 464 (Aug.
1134 375 1205 456 85.)

66 479 315 546 conferentibus.
360 478 458 561 Nam,
482 501 678 564 quamquam
702 479 849 545 Graecus
870 479 927 544 ille
949 479 1011 544 hoc
1032 481 1104 545 loco
1125 479 1208 547 Sue

65 582 194 648 tonium
216 603 280 647 non
308 581 440 655 laudat,
471 589 581 648 tamen
609 602 683 648 cum
710 582 811 647 verba
838 602 941 665 paene
972 581 1086 646 eadem
1116 582 1203 665 apud

61 691 241 768 utrumque
263 684 415 766 redeant,
439 692 527 751 certe
551 706 588 750 eo
610 707 687 751 usus
711 692 769 750 est.
815 679 969 769 (ἀναξίαν
1000 685 1205 768 διεγίγνωσκε

62 788 255 875 τραγῳδίαν,
270 786 389 875 ταύτην
404 786 583 874 ἐξήλειψεν,
605 783 678 853 εἶτα
693 787 871 875 ἐρωτηθείς
886 835 894 851 .
909 836 916 853 .
930 840 958 857 ..
973 789 1040 852 ποῦ
1053 788 1206 872 τυγχάνοι

63 890 81 959 ὃ
107 892 312 978 γραφόμενος
333 897 435 968 Acar„
459 886 683 978 ἀποκρίναθαν
695 890 828 976 σπόγγῳ
858 889 913 956 τὸν
942 890 1057 957 ἑαυτοῦ
1076 893 1206 958 Αἴαντα

63 1005 254 1081 περιπεσεῖν
277 1030 319 1042 -
344 993 619 1078 tragoediam
643 1014 708 1059 non
739 993 924 1059 succedenti
954 995 1029 1060 stilo
1059 995 1203 1062 abolevit

63 1098 361 1180 quaerentibusque
383 1097 516 1177 amicis,
540 1095 703 1179 quidnam·
728 1096 821 1162 Aiax
857 1103 985 1180 ageret,
1023 1098 1207 1181 respondit

64 1200 207 1266 Aiacem
230 1221 322 1264 suurn
351 1201 384 1265 in
414 1219 589 1283 spongeam
617 1199 830 1284 incubuisse.)
875 1198 959 1264 Cum
992 1205 1101 1264 autem
1130 1207 1206 1266 tota

68 1304 151 1368 hacc
172 1322 227 1368 res
241 1301 399 1368 Suetonio
423 1301 534 1366 deberi
547 1301 707 1384 videatur,
729 1302 847 1385 Lydus,
871 1302 1014 1385 quamvis
1029 1300 1205 1369 Suetonius

51 1407 228 1471 neminem
250 1405 441 1471 nominatim
463 1403 619 1485 proferat,
641 1404 831 1487 Augustum
846 1426 866 1469 a
882 1404 1089 1471 Cicerone
1104 1406 1208 1470 inter-

61 1514 213 1592 rogatum
235 1529 305 1575 esse
328 1505 440 1573 tradit.
488 1506 569 1588 Quis
592 1506 725 1571 tandem
747 1507 872 1588 credat,
906 1507 968 1572 hoc
989 1507 1115 1590 Lydum
1146 1513 1203 1573 aut

10 1668 11 1675 ,
65 1631 105 1675 ex
128 1610 191 1676 alio
214 1611 374 1694 scriptore
398 1615 457 1675 aut
479 1607 519 1672 de
543 1629 601 1673 suo
624 1607 813 1674 addidisse?
858 1607 978 1693 Itaque
998 1611 1098 1675 etiam
1114 1611 1202 1678 Cice·

10 1740 12 1747 ·
62 1713 151 1777 ronis
173 1734 290 1778 nomen
320 1714 355 1777 in
386 1712 538 1776 Suetonio
568 1718 680 1792 aucto,
714 1732 778 1794 quo
801 1710 913 1795 Lydus
944 1713 1116 1795 utebatur,
1147 1714 1202 1778 ad·

10 1862 12 1909 t
66 1817 224 1898 scriptum
247 1815 346 1880 fuisse
368 1814 577 1879 statuendum
599 1819 658 1883 est.
680 1853 723 1862 -
745 1815 839 1880 Idem
861 1815 922 1880 hoc
945 1815 984 1879 de
1007 1814 1092 1898 Lydi
1114 1816 1209 1881 fonte·

10 1978 12 1997 ,
66 1939 220 2000 ponemus
244 1919 344 1983 etiam
366 1917 446 1982 alius
468 1917 532 1983 loci
553 1919 680 1983 ratione
701 1917 826 1982 habita.
872 1916 914 1982 In
936 1918 1017 1983 libro
1049 1919 1135 1984 enirn
1162 1919 1202 1983 de

10 2052 12 2111 ς
62 2020 310 2103 magistratibus
333 2022 423 2105 (3,57
447 2042 478 2103 p.
502 2023 579 2104 249)
600 2021 714 2104 Lydus
737 2020 777 2084 ad
799 2040 916 2084 nomen
931 2020 1071 2086 Joannis
1094 2022 1205 2086 ouius-

61 2121 138 2186 dam
159 2123 303 2188 Menaeis
325 2123 455 2187 oriundi
477 2123 637 2207 quaedam
660 2122 808 2206 adiungit
831 2123 872 2188 de
892 2124 1032 2189 Mazacis
1054 2124 1105 2189 vel
1120 2123 1200 2189 an-

10 2220 12 2271 i
62 2226 175 2289 sarcis.
220 2222 314 2306 Quae
335 2232 407 2291 tota
428 2247 481 2290 res
505 2227 591 2308 apud
610 2226 808 2308 Eutropium
831 2230 931 2310 (7,11)
953 2247 1056 2310 paene
1079 2226 1202 2291 eisdem

62 2327 169 2391 verbis
193 2333 226 2390 et
250 2327 363 2393 eodem
385 2328 454 2393 fere
478 2331 712 2394 sententiarum
735 2328 847 2395 ordine
862 2329 957 2397 redit.
994 2328 1078 2394 Cum
1093 2336 1203 2394 autem

61 2428 173 2512 Lydus
195 2429 390 2513 Eutropium
412 2451 518 2514 neque
540 2431 651 2497 laudet
673 2454 828 2516 umquam
850 2453 954 2516 neque
977 2432 1044 2497 ullo
1074 2432 1146 2497 loco
1168 2434 1203 2496 in

65 2553 161 2596 usum
189 2552 323 2597 vocasse
352 2534 520 2616 videatur,
552 2534 587 2598 id
626 2556 665 2599 ex
687 2535 840 2617 Eutropii
871 2535 960 2599 fonte
990 2534 1209 2618 desumpsisse

62 2634 228 2717 putandus
251 2641 318 2716 est3
336 2656 407 2701 cum
431 2644 541 2702 autem
556 2638 738 2720 Eutropius
760 2638 844 2702 hanc
864 2659 934 2702 rem
954 2639 1136 2703 narrationi
1151 2638 1201 2702 illi

60 2739 123 2801 toti
147 2759 186 2802 ex
208 2737 365 2804 Suetonio
387 2740 524 2806 haustae
546 2740 685 2822 inserat,
708 2741 788 2805 nihil
810 2746 922 2822 restat,
953 2741 1015 2804 nisi
1037 2751 1074 2804 ut
1102 2742 1201 2804 etiam

61 2838 252 2923 Lydum‘ex
268 2840 424 2906 Suetonio
447 2848 543 2907 aucto
565 2842 706 2926 pendere
730 2844 907 2909 credamus.
948 2842 1011 2908 Oui
1033 2844 1082 2907 rei
1101 2844 1200 2908 etiam

61 2942 158 3026 favet,
182 2944 271 3027 quod
299 2943 386 3009 idem
407 2945 475 3010 fere
498 2945 584 3029 apud
606 2948 742 3012 Festum
763 2948 797 3011 in
819 2947 912 3029 libro,
935 2947 990 3030 qui
1012 2946 1206 3012 inscribitur·

62 3044 256 3111 breviarium
279 3067 389 3111 rerum
411 3054 576 3131 gestarum
599 3048 637 3117 P.
654 3048 705 3127 R„
729 3050 816 3134 (cap.
841 3053 895 3131 11)
919 3049 1048 3132 legitur,
1073 3070 1113 3113 ex
1136 3069 1205 3130 quo

60 3148 132 3229 ipso
154 3148 263 3231 Lydus
289 3149 350 3214 hoc
380 3150 524 3215 hausisse
555 3153 682 3234 nequit,
715 3152 787 3231 quia
817 3157 905 3216 recte
938 3172 1054 3216 nomen
1077 3151 1201 3217 Tiberii

61 3251 266 3332 imperatoris
290 3251 395 3332 affert,
425 3274 498 3317 cum
522 3253 641 3317 Festus
663 3255 697 3317 in
720 3274 793 3317 eum
816 3275 958 3319 errorem
979 3254 1141 3336 inciderit,
1165 3243 1202 3319 ut

60 3351 229 3417 Tiberium
246 3374 315 3418 cum
325 3353 463 3420 Claudio
474 3354 697 3420 confunderet.
722 3355 842 3440 Itaque
857 3355 967 3440 hyd'us
982 3378 1112 3440 quoque
1128 3377 1202 3421 cum

60 3455 161 3520 Festo
185 3456 227 3520 ad
244 3457 380 3522 eundem
402 3457 526 3522 fontem
548 3456 735 3524 referendus
759 3466 809 3524 est
839 3465 873 3524 et
895 3481 963 3524 cum
979 3460 1004 3525 J
1006 3460 1205 3538 acobius⁵³t

59 3559 337 3641 demonstraverit,
361 3560 394 3623 in
410 3558 471 3623 hac
490 3565 577 3624 certe
592 3560 744 3626 breviarii
758 3566 853 3644 parte
877 3583 948 3628 eam
962 3564 1049 3627 inter
1063 3562 1201 3627 Festum

131 3834 175 3899 ⁶³)
195 3831 240 3885 De
252 3831 319 3886 Rufi
337 3832 416 3887 Festi
434 3834 577 3900 breviarii,
596 3834 721 3890 fontibus
739 3835 856 3890 Bonnae
875 3836 951 3895 1874.
964 3867 998 3878 -
1013 3836 1057 3891 Ne
1075 3837 1136 3905 quis
1154 3853 1205 3890 me

61 3917 236 3986 argutiarum
264 3923 384 3987 accuset,
412 3920 527 3988 omitto,
559 3921 635 3989 quod
665 3919 763 3989 Lydus
791 3952 824 3962 -
851 3922 881 3975 id
910 3923 986 3992 quod
1013 3923 1199 3977 certissimum

57 4003 235 4058 coniecturae
253 4009 367 4058 nostrae
384 4006 578 4060 testimonium
598 4009 669 4062 esset
680 4036 715 4045 -
726 4007 776 4061 illo
795 4009 857 4062 loco
876 4009 993 4078 propius
1015 4009 1150 4063 accedere
1163 4010 1200 4064 ad

57 4086 175 4142 Festum
188 4105 274 4158 quam
286 4090 323 4145 ad
334 4089 504 4160 Eutropium
517 4092 639 4149 videtur.
671 4092 742 4146 Cum
755 4093 832 4148 enim
841 4092 997 4163 Eutropius
1008 4093 1198 4162 „Archelaum
