2684 4500
660 203 702 267 49

194 372 386 455 Quicunque
409 369 594 436 aSuetonii
616 372 755 437 lectione
777 371 820 435 ad
840 370 960 435 librum
983 371 1022 434 de
1045 368 1246 435 Caesaribus

106 475 291 556 accesserit
325 475 408 538 nihil
429 475 498 539 fere
520 476 663 540 invenire
686 475 748 540 sibi
770 474 942 554 videbitur,
980 473 1068 555 quod
1088 495 1154 539 non
1176 475 1242 538 iam

101 577 160 641 ille
183 576 378 641 exhibuerit.
424 576 626 666 Quamquam
648 581 733 643 enim
753 579 946 661 plerumque
963 577 1082 645 Victor
1094 575 1245 641 Suetonii

100 679 181 762 ipsis
218 680 324 745 vorbis
360 701 401 744 ne
426 687 591 761 uteretur,
625 702 759 763 operam
782 680 883 762 dedit,
907 687 1013 744 tamen
1035 678 1162 744 efficere
1180 700 1245 743 non

103 783 221 865 potuit,
247 805 288 847 ne
309 784 344 847 in
357 783 489 866 singulis
502 783 673 866 capitibus,
698 790 834 866 excepta
852 783 920 847 vita
935 783 1079 865 Augusti
1094 783 1241 847 brevissi-

102 906 163 966 ma,
200 883 346 951 Suetonii
367 887 504 968 vestigia
526 894 729 969 apparerent.
775 886 877 952 Cuius
899 885 948 949 rei
974 886 1121 967 exempla
1144 905 1244 967 quae-

106 988 178 1053 dam
200 988 299 1053 liceat
320 989 476 1072 proferre.

137 1213 188 1279 93.
208 1213 330 1281 Capreas
345 1143 471 1265 iirbblam
484 1213 646 1279 quaesierat
732 1211 796 1264 Tib.
808 1210 852 1267 42.
871 1143 1128 1266 secrestllieentiam
1141 1217 1244 1268 nactus

104 1281 222 1349 flagitiis
253 1282 394 1351 Obienfflli
431 1299 516 1350 quale
546 1281 646 1335 ⁸⁰l¹¹li⁸
699 1303 801 1351 cuncta
826 1298 909 1350 simul
938 1298 1009 1351 vitia
1038 1300 1172 1367 profudit.
1208 1300 1241 1352 41

104 1368 226 1421 militiae
254 1367 361 1420 artibus
380 1365 493 1436 direpta
510 1368 646 1436 pleraque
698 1401 844 1453 regressus
891 1385 1012 1439 insulam
1063 1384 1241 1452 reipublicae

102 1453 179 1508 ruris
198 1453 329 1509 Romani.
701 1473 772 1525 adeo
792 1471 902 1536 abiecit,
921 1475 990 1524 ut..
1010 1471 1119 1525 Gallias
1133 1509 1159 1522 ..
1181 1487 1246 1523 vas·

700 1558 757 1611 tari
775 1556 941 1624 neglexerit.

126 1622 180 1702 ,328
199 1623 348 1704 delabique
361 1624 554 1705 ⁰01¹5113i²l50Pe
564 1641 646 1692 Piae·
736 1643 798 1697 Gal.
818 1642 859 1695 17.
881 1641 1010 1695 libellum
1030 1642 1065 1696 de
1083 1643 1174 1695 salute
1193 1658 1245 1695 sua

103 1691 216 1745 drcaret
250 1711 299 1746 vrx
335 1710 486 1747 convenire
513 1711 544 1746 1n
572 1710 644 1759 eum,
699 1728 826 1782 oblatum
844 1745 900 1781 non
930 1729 1041 1798 recepit
1058 1727 1241 1795 oontendeng‚

103 1793 183 1830 cum
213 1782 275 1831 ma
304 1779 407 1832 nuum
437 1796 517 1833 ⁰n⁰r¹
536 1781 585 1832 aut
603 1796 646 1832 ¹¹¹¹
698 1814 768 1867 nihil
786 1813 839 1866 sibi
853 1813 1015 1880 admissum,
1035 1832 1086 1868 eur
1107 1814 1240 1880 cuiquam

104 1864 252 1917 commodo
267 1869 350 1918 esset.
701 1901 707 1911 -
750 1900 755 1910 ·

698 1916 804 1952 1nv1sns
823 1903 903 1954 esset.

55 2090 57 2096 ,
188 2035 348 2118 Insignem
379 2057 568 2101 consensum
599 2037 634 2100 in
667 2038 735 2102 vita
758 2035 889 2102 Claudii
926 2036 992 2099 iam
1014 2056 1113 2118 supra
1145 2035 1245 2118 signi-

50 2205 54 2213 ,
101 2134 205 2203 fioavi.
250 2138 294 2223 (p.
321 2138 386 2223 10.)

136 2289 187 2354 5,5.
219 2306 337 2357 noque
366 2292 522 2345 aliorum
547 2293 642 2361 pudi·
731 2291 790 2346 Cal.
817 2292 859 2348 36.
894 2292 1094 2362 pudicitiae
1121 2308 1243 2360 neque

101 2376 221 2442 eitiae
246 2393 362 2444 neque
381 2394 460 2430 suaa
484 2394 643 2446 parcens.
696 2377 1240 2449 scaenaquealienaepepercit.

136 2461 187 2525 5,7.
233 2462 391 2516 Noxiorum
426 2462 528 2517 vinetis
558 2464 643 2517 modo
733 2465 799 2519 Ner.
812 2465 852 2519 29.
871 2465 1239 2533 feraepelleconteo·

101 2548 199 2616 pelle
234 2550 356 2602 tectus
392 2549 491 2604 ferae
526 2552 641 2618 utrique
696 2556 795 2605 tus..
829 2551 1025 2618 delegatorum
1054 2549 1171 2618 inguina
1197 2548 1241 2600 in·

104 2633 183 2686 sexui
192 2635 332 2703 genitalia
344 2636 425 2688 vulta
439 2636 638 2690 contrectabat
696 2637 824 2691 vaderet.

346 2737 408 2778 caes.
935 2736 996 2778 Suet

126 2805 318 2875 alumnis..
337 2806 644 2875 quemforeprodigio-
733 2805 825 2859 Galba
844 2805 866 2858 l.
902 2807 978 2873 quod
994 2804 1130 2874 futurum,
1163 2822 1239 2859 oom-

104 2889 277 2944 rum'multa
297 2892 510 2956 denuntiavere,
535 2893 644 2960 praeci·
696 2893 825 2960 pluribus
856 2891 972 2959 quidem
1002 2891 1089 2958 signis
1119 2892 1169 2945 sed
1193 2893 1240 2946 vel

104 2993 217 3045 pueque
256 2995 353 3031 eorum
389 2979 513 3046 praediis
544 2995 644 3031 ares·
697 2977 914 3031 evidentissimis
950 2979 1059 3033 duobus
1107 2981 1240 3048 apparuit

103 3078 197 3116 cans
225 3063 298 3116 lauri
315 3080 415 3117 nemus
433 3064 559 3118 dicatum
578 3064 645 3117 tri·
766 3063 887 3131 (fuitque
899 3081 959 3117 mos
978 3065 1236 3132 triumphanti-

102 3148 400 3216 umphantibus
419 3149 645 3218 atqueinteritus
699 3148 1074 3218 bus..illas..pangera)
1093 3151 1164 3204 silvo
1178 3169 1237 3205 om·

103 3235 366 3303 gallinarum,
377 3252 449 3301 quae
459 3235 529 3291 adeo
540 3237 647 3290 multae
699 3235 743 3287 nia
770 3235 916 3288 exaruit
944 3234 1080 3288 radicitus
1108 3240 1137 3288 et
1161 3236 1242 3304 quid·

106 3322 342 3390 albasque..
700 3321 768 3388 quid
785 3321 826 3374 ibi
844 3322 1018 3390 gallinarum
1041 3325 1103 3374 erat
1131 3321 1241 3374 interiit

699 3409 890 3478 (gallinam
932 3406 1101 3461 albam...
1137 3411 1242 3461 tanta

701 3495 845 3562 pullorum
864 3493 996 3562 suboles).

137 3580 191 3644 6,2.
218 3575 414 3634 cohortes'in
445 3578 572 3633 forum
599 3581 646 3635 de·
733 3580 827 3635 Galba
841 3580 881 3634 19.
902 3586 986 3648 atque
1006 3580 1041 3634 in
1059 3580 1174 3633 forum
1192 3596 1240 3632 ne·

102 3666 236 3733 duxerat3
268 3682 405 3732 quocum
431 3666 569 3721 lorica
587 3670 645 3720 tec-
697 3684 752 3736 que
769 3667 913 3736 processit,
932 3666 1026 3722 ibi...
1059 3667 1240 3723 contrucida-

100 3756 145 3804 tus
164 3752 291 3809 Galba..
311 3754 497 3808 contenderet
514 3756 564 3809 ad
593 3755 643 3808 la·
696 3761 799 3807 verunt
834 3754 1028 3823 (..lorieam
1063 3760 1159 3808 tamen
1196 3753 1240 3805 in·

98 3854 181 3891 eum
211 3840 392 3894 Curtium
427 3841 642 3910 iugulatus
695 3841 804 3909 duit..)
835 3841 1023 3912 iugulatus
1053 3845 1107 3894 est
1135 3838 1240 3892 adla-

99 3927 168 3976 est.
695 3944 770 3980 cum
788 3927 893 3980 Curti.

132 4009 176 4075 83
229 4015 382 4080 postquam
444 4013 641 4068 Othonem
730 4011 817 4081 Vesp.
837 4011 860 4066 6.
879 4013 1028 4067 consilium
1046 4011 1172 4065 inierunt
1190 4009 1240 4062 eli·

96 4099 310 4168 praetoriis,
339 4101 535 4155 Vitellium
554 4100 641 4155 Ger·
695 4101 783 4168 gendi
812 4101 1000 4172 imperatoris,
1035 4116 1129 4166 neque
1161 4097 1238 4151 enim
