2684 4500
614 185 698 255 '18

109 361 176 445 ipsi
197 361 404 428 tribuendum
419 361 547 426 videtur
563 383 651 440 esse3
668 383 740 426 cum
756 362 841 427 enim
856 361 968 446 Lydus
980 363 1035 449 (do
1046 369 1254 448 mcns.4,72),

113 465 153 530 de
168 487 231 547 quo
244 466 332 530 infra
343 466 415 548 plus
428 465 634 546 expositurus
650 486 729 545 sum,
742 465 828 529 idem
844 465 911 531 fere
935 466 975 531 de
998 467 1152 550 Augusto
1165 491 1253 535 rom-

112 575 271 635 memoret
294 569 457 650 („utinam
479 587 540 632 nec
560 573 658 632 natus
674 589 734 632 uec
749 575 897 634 mortuus
913 571 1033 656 esset“)
1056 575 1250 637 verisimilli-

110 693 198 736 mum
220 672 357 752 videtur,
382 674 444 736 hoc
466 693 594 754 quoque
606 672 866 754 Epitomatorem
889 674 954 736 iam
976 674 1009 737 11
1037 673 1128 740 11111
1150 677 1255 760 scrip·

111 781 182 840 tum
205 776 373 844 invenisse.

201 876 294 959 Quae
317 899 388 940 cum
409 877 458 940 ita
481 877 556 957 siut,
579 878 657 941 licet
680 898 846 962 quaerere,
870 879 987 961 quibus
1010 879 1143 943 tandem
1166 900 1253 943 com·

113 988 182 1046 mot
183 983 195 1047 1
216 988 269 1046 rat
255 981 401 1046 tionibus
425 979 575 1062 Cpitzius
608 988 641 1044 11
671 979 815 1044 Woelffl
812 1004 890 1062 111,
928 1020 971 1030 —
1001 987 1039 1047 ut
1076 982 1156 1065 Epit
1159 1003 1254 1046 omen

110 1084 182 1147 iam
206 1086 300 1148 omitt
302 1106 468 1165 amuS,--
450 1085 610 1149 -librum
633 1084 673 1148 de
689 1083 886 1149 Caesaribus
908 1091 1095 1166 excerptum
1120 1106 1187 1149 1111
1203 1085 1255 1148 iu·
1292 1103 1294 1106 ·

113 1187 303 1253 dicaverint.
280 1188 464 1270 tNeque
487 1188 575 1251 enim
597 1187 699 1251 ulla'
690 1209 724 1251 m
762 1186 877 1251 libro'
863 1209 939 1269 rpso
973 1192 1087 1252 extant
1073 1188 1252 1270 tindicia,

114 1289 236 1371 quibus
258 1290 340 1354 illud
363 1291 517 1354 iudicium
538 1293 600 1355 niti
628 1290 785 1355 videatur.
830 1288 919 1353 Nam
955 1290 1011 1371 qui
1044 1290 1163 1355 librum
1198 1312 1255 1354 ex·

113 1397 227 1473 carpit,
251 1394 300 1456 ita
323 1393 390 1457 scre
413 1394 490 1476 agit,
513 1401 550 1458 ut
572 1393 624 1458 vel
646 1393 774 1476 singula
796 1399 892 1456 verba
915 1391 966 1455 vel
987 1397 1060 1456 tota
1083 1394 1257 1458 enuntiata

112 1495 254 1576 omittat,
286 1516 392 1579 neque
423 1497 552 1561 omnino
583 1495 653 1560 fieri
684 1500 803 1580 potest,
827 1497 905 1577 quin
934 1515 986 1559 res
1015 1500 1169 1560 narratae
1197 1496 1256 1560 hic

111 1597 181 1661 illie
204 1598 288 1660 male
311 1600 504 1663 coniunctae
527 1601 602 1673 sint,
626 1601 673 1664 ita
695 1603 733 1663 ut
754 1597 959 1662 intercidisse
982 1598 1105 1681 aliquid
1131 1598 1256 1662 sentia·

112 1721 193 1780 mus,
218 1701 254 1764 id
276 1701 362 1782 quod
385 1701 541 1784 Epitoma
570 1701 824 1766 luculentissime
854 1701 1095 1784 comprobatur,
1125 1701 1160 1765 in
1188 1721 1257 1783 qua

112 1803 223 1886 plures
249 1805 332 1868 tales
355 1805 418 1868 loci
445 1805 659 1870 inveniuntur.
705 1804 747 1868 In
775 1804 844 1868 vita
874 1804 1005 1885 quidem
1034 1802 1186 1882 Neronis,
1210 1839 1255 1851 —-

110 1912 149 1969 11
177 1908 402 1988 gravissimum
424 1908 519 1972 huius
542 1911 590 1972 rei
605 1907 789 1990 exemplum
802 1909 943 1989 primum
959 1905 1101 1987 afferam,
1122 1943 1160 1952 -
1174 1905 1257 1988 Epi·
1293 1965 1295 1969 ,

111 2015 265 2092 tomator,
297 2017 472 2093 postquam
493 2013 649 2094 narravit,
680 2011 844 2076 Neronem
876 2009 1020 2073 Pontum
1054 2014 1087 2073 et
1115 2007 1256 2090 Alpium

113 2113 277 2196 quandam
295 2118 422 2194 partem
444 2114 479 2176 in
501 2115 737 2196 provinciarum
759 2112 895 2176 formam
918 2112 1091 2194 redegisse,
1114 2111 1160 2176 sic
1178 2132 1256 2193 per-

112 2214 161 2295 git
185 2213 295 2296 (Epit.
320 2219 401 2297 5,s):
425 2215 476 2279 Flo
498 2237 680 2299 namque
702 2215 860 2280 dedecore
882 2214 1046 2297 reliquum
1066 2214 1152 2278 vitae
1174 2216 1256 2298 egit,

112 2320 150 2379 11
176 2317 300 2397 pudeat
322 2338 503 2382 memorare
524 2319 747 2383 huiuscemodi
769 2337 973 2399 quemquam.
1010 2315 1083 2399 Quo
1097 2316 1169 2382 loco
1183 2338 1256 2382 ver-

113 2417 191 2481 bum
216 2427 395 2501 „namque“
419 2441 551 2502 prorsus
573 2421 713 2504 intelligi
734 2442 801 2484 non
816 2425 940 2509 potest,
964 2418 1022 2483 sed
1043 2419 1129 2484 unde
1151 2421 1255 2504 irrep-

115 2522 203 2602 serit,
228 2524 340 2586 statim
363 2523 469 2588 elucet
491 2523 611 2588 librum
633 2524 672 2588 de
696 2522 901 2604 Caesaribus,
934 2543 973 2586 11
995 2542 1058 2604 quo
1088 2523 1170 2587 baec
1199 2545 1257 2588 ex·

113 2623 236 2704 scripta
258 2631 343 2706 sunt,
379 2627 408 2689 11
439 2629 678 2692 contulerimus.
723 2627 811 2692 Nam
843 2626 889 2690 ibi
922 2625 1022 2690 Ponti
1053 2629 1087 2688 11
1116 2624 1255 2708 Alpium

113 2726 277 2789 mentione
300 2726 390 2793 facta
411 2729 494 2794 haec
517 2730 757 2812 adiunguntur:
781 2729 890 2814 (Caes.
915 2727 1000 2814 5,4):
1025 2748 1146 2809 ,quare
1169 2730 1255 2794 satis

115 2834 317 2910 compertum
339 2852 443 2913 neque
466 2854 582 2897 aevum
603 2833 834 2914 impedimento
857 2833 972 2896 virtuti
994 2851 1074 2913 esse,
1104 2852 1176 2896 earn
1206 2831 1256 2897 fa·

113 2930 175 2994 1111
199 2937 317 2995 mutari
340 2940 493 3017 corrupto
516 2957 575 3019 por
598 2935 765 3000 licentiam
787 2936 916 3018 ingenio
940 2935 1159 3017 omissamque
1175 2933 1256 2999 adu·

111 3033 286 3098 lescentiae
317 3038 409 3118 quasi
440 3037 543 3121 legem
580 3040 795 3121 perniciosius
829 3037 947 3121 repeti.
992 3035 1180 3120 Namque
1216 3057 1257 3102 eo

112 3135 271 3201 dedecore
295 3145 353 3203 cet.
370 3167 419 3187 ·-
443 3139 556 3206 Simile
578 3142 735 3224 quiddam
755 3143 791 3206 in
812 3142 880 3206 vita
913 3139 1040 3204 Tiberii
1074 3138 1253 3221 deprehen·

113 3238 228 3303 dimus.
273 3241 357 3305 Nam
379 3261 451 3306 cum
472 3243 507 3308 in
528 3243 611 3308 libro
635 3244 675 3309 dc
698 3244 896 3309 Caesaribus
919 3242 981 3307 hoc
994 3242 1125 3326 legatur
1140 3239 1255 3327 (Caes.

112 3344 229 3428 2,12):
255 3350 374 3426 „atque
397 3347 540 3411 atrocius
562 3348 698 3429 puniens
721 3349 866 3412 insontes
888 3347 1067 3428 11111116)
1089 3366 1166 3410 suos
1195 3366 1257 3428 pa·

111 3446 193 3510 riter
216 3452 441 3529 externosque.
485 3448 609 3514 Adhuc
631 3449 707 3515 dum
728 3451 827 3515 urbes
850 3455 884 3514 11
906 3453 1080 3513 conventus
1103 3467 1256 3513 exsecra-

112 3555 176 3629 tur,
201 3547 346 3630 Capreas
367 3550 508 3616 insulam
529 3554 717 3634 quaesierat
739 3552 872 3636 flagitiis
895 3551 1061 3634 obtentui3
1085 3570 1254 3632 1111111-

108 3651 186 3715 lutis
201 3652 338 3716 militiae
353 3653 481 3718 artibus
495 3654 625 3738 direpta
638 3657 795 3739 pleraque
809 3655 894 3719 ruris
910 3654 1084 3735 Romanr‘,
1098 3654 1149 3739 16)
1164 3652 1249 3736 api·

203 3792 247 3858 ¹⁶)
266 3789 329 3842 lam
348 3789 395 3844 hic
412 3789 537 3845 insontes
554 3793 688 3846 noxios
706 3792 813 3857 scribo,
843 3792 921 3860 quod
947 3792 1066 3847 verbum
1083 3791 1114 3844 in
1131 3790 1252 3846 Schotti

119 3875 247 3953 editione
265 3875 449 3939 desideratur,
460 3881 585 3934 veterem
597 3878 723 3933 codicem
735 3878 922 3934 Bodleianum
935 3881 1055 3944 secutus,
1067 3878 1147 3932 cuius
1160 3879 1259 3932 varias

110 3963 252 4018 lectiones
269 3962 344 4016 infre
361 3964 522 4032 prolaturus
535 3982 604 4019 sum.
624 3966 726 4034 ltaque
744 3966 850 4020 corruit
866 3965 896 4019 id
914 3965 991 4035 quod
1008 3962 1136 4034 Opitzius
1155 3980 1183 4032 p.
1202 3963 1258 4019 213

116 4049 154 4103 de
174 4048 230 4102 hac
248 4067 278 4104 re
296 4049 432 4118 exposuit.
459 4080 493 4090 -
509 4051 590 4105 «item
608 4052 695 4106 etiam
714 4052 802 4119 ,ruris‘
819 4052 951 4118 Romani,
987 4051 1064 4122 quod
1081 4049 1260 4106 Bodleianus

106 4135 238 4202 exbibet,
258 4136 699 4208 11111111111111111111111,
718 4139 921 4207 quodverbum
944 4138 1014 4192 mibi
1032 4138 1148 4206 quidem
1165 4137 1259 4195 multo

92 4218 193 4284 magis
204 4223 404 4287 probabatur.
