2684 4500
652 153 695 214 44

96 331 194 391 44444
230 324 279 386 1111
309 323 434 386 levitati
461 322 684 402 tribueremus,
711 322 773 385 nisi
796 320 1029 402 eundem39)
1051 320 1238 402 Eutropius

97 429 164 513 (7,9
188 433 221 492 et
261 432 315 506 10)
350 432 495 491 servaret
532 426 687 492 ordinem.
732 421 829 504 Quod
865 446 904 489 ne
935 425 1007 506 quis
1041 445 1118 487 casu
1155 446 1235 506 quo·

97 534 169 593 dam
206 531 362 595 accidisse
386 535 489 612 putet,
528 530 728 594 simillimum
750 527 908 610 quiddam
948 529 981 591 in
1004 529 1068 590 vita
1091 527 1237 591 Neronis

97 635 247 699 occurrit
291 639 330 697 In
366 643 461 699 nece
482 635 566 696 enim
587 632 795 718 imperatoris
819 630 1033 694 describenda
1056 628 1238 694 Suetonius

97 736 189 820 (Ner.
212 739 283 823 48.)
295 738 461 804 Neronem
484 736 524 800 ab
556 735 708 803 omnibus
725 734 888 799 desertum
905 755 1024 815 equum
1039 734 1239 798 inscendisse

98 847 214 906 narrat
252 848 284 905 et
321 862 393 904 cum
416 845 572 922 quattuor
595 838 767 902 comitibus
790 836 897 900 Roma
920 837 1040 918 fugisse
1063 836 1181 921 deinde
1205 839 1240 900 in

96 944 206 1007 uillam
227 964 327 1027 prope
350 943 466 1008 urbem
488 943 587 1007 sitam
610 942 742 1006 deverso
765 941 915 1004 nuntium
938 939 1074 1003 allatum
1098 961 1179 1019 esse,
1203 960 1238 1003 44

98 1047 224 1110 hostem
265 1069 284 1111 a
307 1052 423 1126 senatu
445 1047 624 1111 iudicatum
647 1066 716 1110 4444
739 1049 773 1108 44
794 1064 883 1107 more
905 1044 1063 1106 maiorum
1085 1044 1239 1125 punitum

96 1150 154 1226 iri;
194 1170 257 1231 quo
285 1149 373 1214 14444
404 1149 578 1231 equitibus,
613 1149 669 1230 qui
706 1146 748 1212 ad
771 1168 845 1211 eum
866 1145 1125 1228 persequendum
1148 1146 1240 1209 missi

101 1258 205 1333 erant,
243 1251 579 1335 appropinquantibus
617 1252 724 1333 ipsum
757 1250 819 1314 sibi
841 1271 973 1313 manum
995 1248 1153 1313 intulisse,
1201 1250 1238 1314 A

100 1356 332 1438 quamemoria
348 1360 388 1419 et
404 1355 680 1437 Epitomator
702 1354 779 1437 (147)
803 1359 843 1417 44
864 1352 1237 1436 Eutropius(7,15),

100 1479 299 1541 quamquam
334 1478 427 1521 nemo
451 1457 601 1522 dubitare
623 1463 743 1540 potest,
782 1458 858 1540 quin
882 1457 967 1519 hanc
988 1477 1056 1520 rem
1079 1455 1239 1522 Suetonio

102 1560 254 1644 debeant,
278 1563 326 1625 ita
348 1566 458 1625 tamen
481 1560 646 1641 recedunt,
669 1567 707 1624 ut
721 1560 887 1624 Neronem
909 1564 980 1623 tum
1003 1558 1131 1623 demum
1149 1581 1167 1623 e
1182 1581 1240 1645 pa·

101 1663 181 1728 latio
212 1663 332 1746 fugisse
354 1663 499 1744 tradant,
537 1686 606 1727 cum
629 1664 848 1746 comperisset,
883 1684 917 1726 44
940 1684 960 1726 4
982 1666 1096 1725 444444
1119 1663 1238 1745 capitis

99 1766 290 1832 damnatum
328 1787 406 1833 esse.
467 1765 563 1847 Quod
586 1788 662 1830 casu
684 1788 748 1830 non
772 1787 841 1830 4444
862 1766 996 1846 factum,
1020 1764 1093 1829 luce
1118 1764 1239 1830 clarius

101 1875 168 1950 est,
192 1871 257 1933 iam
280 1871 336 1952 qui
360 1890 481 1952 quaeso
504 1868 578 1933 fieri
600 1869 715 1955 potuit,
739 1875 778 1933 ut
801 1875 833 1933 et
847 1869 1027 1952 Eutropius
1052 1873 1084 1932 et
1100 1867 1237 1950 Noster,

21 1982 23 1986 ’
100 1994 171 2038 cum
196 1979 332 2056 uterque
348 1972 497 2039 Suetonii
519 1974 655 2054 vestigia
677 1978 804 2055 premat
827 1984 859 2036 et
881 1973 965 2037 alter
987 1971 1029 2036 ab
1052 1971 1156 2035 altero
1181 1970 1239 2035 ad·

98 2076 221 2141 hibitus
239 2098 307 2141 4444
322 2082 475 2159 nequeat,
499 2076 633 2140 eodem
655 2074 765 2141 modo
789 2075 935 2140 ordinem
956 2096 1064 2139 rerum
1086 2079 1239 2139 narrata·

99 2200 171 2242 rum
194 2183 383 2248 mutarent?
428 2178 522 2243 Nihil
537 2179 739 2261 relinquitur,
763 2179 825 2242 nisi
839 2184 876 2242 ut
891 2185 1065 2260 utrumque
1081 2199 1145 2241 non
1160 2176 1240 2242 Sue-

101 2282 201 2362 tonio,
239 2304 334 2364 quem
357 2282 488 2364 quidem
510 2303 568 2345 nos
591 2281 756 2363 habemus,
795 2282 853 2346 sed
876 2303 913 2346 44
936 2303 1027 2345 usum
1050 2301 1119 2345 esse
1143 2285 1237 2361 pute-

101 2405 180 2466 mus,
203 2385 260 2465 qui
282 2384 430 2448 alicunde
452 2390 565 2448 auctus
589 2389 627 2471 44Ι
643 2384 835 2466 quibusdam
850 2386 930 2449 locis
953 2384 1098 2468 paullum
1122 2383 1239 2445 immu-

101 2490 191 2551 tatus
215 2491 309 2553 44444.

190 2609 261 2669 Iam
284 2606 371 2691 quod
392 2609 486 2674 nobis
509 2610 711 2693 propositum
735 2614 817 2688 erat,
841 2609 883 2672 ad
904 2606 1062 2690 liquidum
1083 2606 1241 2688 perduxi·

103 2726 184 2776 mus.
230 2709 368 2775 Sublata
391 2713 476 2776 enim
499 2713 651 2794 opinione
665 2710 812 2779 Victoris
828 2712 915 2775 illins
930 2711 1027 2792 aucti,
1051 2730 1135 2792 quae
1151 2710 1242 2790 apud

106 2812 226 2875 multos
241 2813 406 2894 plurimum
417 2815 529 2897 valuit,
553 2814 790 2897 Epitomatoris
806 2814 937 2894 fontem,
962 2834 1056 2895 quem
1072 2834 1145 2877 cum
1160 2813 1241 2881 Vic-

100 2917 177 2976 tore
220 2918 473 3000 contaminaret,
530 2917 722 2984 Suetonium
762 2917 861 2981 141444
905 2917 1097 2997 4444414444,
1140 2936 1241 2997 quem

106 3017 215 3081 nescio
239 3019 310 3099 quis
333 3040 374 3084 ex
395 3021 499 3086 altero
522 3022 612 3087 14444
635 3026 779 3103 augeret,
814 3018 1006 3102 quibusdam
1038 3019 1117 3083 locis
1147 3019 1242 3100 peul-

106 3119 175 3184 lum
207 3121 406 3206 immutaret,
429 3125 594 3190 interdum
617 3125 715 3189 etiam
739 3123 991 3209 emendarem)
1037 3120 1241 3203 414441844-

102 3225 184 3288 44411
204 3224 323 3289 librum
347 3227 445 3291 etiam
469 3234 659 3310 excerptum
681 3225 780 3289 fuisse
803 3225 845 3290 ab
859 3226 915 3291 1114
932 3228 987 3309 qui
1002 3227 1103 3306 auxit,
1127 3224 1240 3288 verisi-

102 3327 274 3391 millimum
310 3333 368 3396 est.
414 3327 497 3394 0441
529 3331 616 3395 enim
648 3329 769 3394 totiens
792 3329 916 3393 eumin
939 3328 1096 3395 Suetonio
1119 3329 1242 3392 exscri-

102 3537 309 3548 ———.-

176 3638 215 3705 ³⁰)
235 3635 367 3692 Eundem
397 3639 526 3693 ordinem
553 3638 640 3693 etiem
663 3637 756 3693 Rufus
774 3636 875 3693 Festus
893 3637 922 3690 in
945 3634 1089 3692 breviario
1119 3652 1182 3705 cap.
1208 3637 1243 3692 19

97 3738 218 3779 'servare
236 3722 356 3789 videtur,
377 3741 549 3793 quamquam
566 3724 620 3779 hoc
638 3742 673 3780 ex
692 3724 751 3778 eius
762 3725 858 3778 verbis
870 3723 1020 3778 manifesto
1034 3741 1092 3777 non
1110 3725 1244 3791 apparet.

175 3845 219 3910 ⁴⁰)
238 3845 305 3900 Huc
322 3843 352 3898 in
370 3844 468 3913 primis
480 3844 574 3899 locum
586 3846 667 3900 illum
679 3845 709 3898 in
720 3844 780 3899 vita
794 3844 901 3900 Tiberii
914 3843 1052 3911 scriptum
1070 3843 1173 3910 refero,
1192 3845 1244 3899 ubi

103 3927 236 3998 Epitome
256 3948 272 3985 4
290 3929 428 3985 Sarmatis
446 3948 503 3984 non
514 3931 651 3986 Moesiam
677 3933 699 4000 (ι
718 3931 810 3999 Suet.)
829 3931 878 3985 sed
902 3928 1079 3984 Pannoniam
1097 3934 1242 3984 vestatam

95 4032 163 4070 «4444
181 4021 259 4072 44444
277 4017 451 4072 exhibuerat.
479 4017 562 4086 (vide
579 4036 608 4087 p.
626 4019 679 4087 33.)
