2684 4500
744 307 764 365 6

185 472 244 540 illa
277 474 460 539 miseranda
489 476 615 555 aetate,
651 494 716 555 qua
748 494 852 555 neque
887 473 1016 541 dicendi
1038 495 1143 559 neque
1166 475 1322 540 audiendi

181 579 322 644 facultas
348 578 427 642 data
448 576 547 642 fuerit
569 597 674 660 neque
699 577 841 658 „sentire
863 600 949 664 quae
972 578 1071 643 velles
1092 586 1125 644 et
1150 600 1233 662 quae
1249 599 1320 642 sen·

181 686 260 749 tires
285 683 413 747 dicere“
435 681 576 745 licuerit.

267 784 389 867 ltaque
431 807 505 849 cum
537 785 640 849 multo
670 785 773 866 magis
796 787 838 850 sit
860 786 987 866 mimm,
1018 787 1125 852 adhuc
1147 791 1321 869 tantopere

181 888 301 972 negligi
338 888 570 970 quaestionem,
605 888 719 966 quibus
765 909 805 952 ex
845 888 989 954 fontibus
1022 891 1071 955 illi
1100 891 1177 955 libri
1209 887 1322 953 hausti

183 996 257 1074 sint,
282 993 426 1074 quamvis
449 993 512 1056 nisi
533 994 582 1057 ita
613 990 755 1072 intelligi
773 1012 837 1055 non
852 995 966 1076 possit,
990 1015 1074 1077 quae
1088 993 1168 1058 fides
1183 1012 1323 1074 magnae

181 1099 293 1180 copiae
316 1116 426 1161 rerum
449 1097 490 1161 ab
513 1096 577 1160 illis
600 1096 676 1160 solis
700 1098 908 1158 narratarum
923 1095 1075 1162 habenda
1098 1098 1150 1178 sit,
1167 1095 1321 1177 equidem

183 1201 326 1265 animum
358 1199 470 1264 induxi
493 1221 552 1283 pro
575 1198 665 1263 tenui
688 1218 761 1260 mea
782 1202 876 1280 parte
899 1199 983 1262 hanc
1006 1201 1231 1283 quaestionem
1253 1220 1322 1263 sus·

181 1305 299 1388 cipere,
321 1302 402 1366 licet
417 1304 459 1366 sit
484 1302 633 1383 „plenum
649 1321 730 1382 opus
744 1300 855 1365 aleae“
881 1307 913 1365 et
929 1303 973 1366 ad
988 1303 1216 1368 illustrandam
1229 1302 1322 1365 illam

181 1407 403 1490 gravissimam
425 1426 493 1470 rem
516 1409 672 1486 quantum
694 1405 816 1486 possim
844 1405 1001 1473 conferre.
1047 1404 1101 1469 Ac
1127 1427 1167 1470 ne
1183 1405 1319 1471 dilatem

183 1509 483 1574 commentariolum
499 1529 615 1590 meum,
639 1527 711 1571 cum
722 1507 924 1594 Maehlius1)
947 1509 1106 1590 docuerit,
1130 1529 1322 1572 consensum

184 1613 342 1677 librorum
364 1612 492 1677 illorum
514 1611 665 1675 undecim
688 1613 851 1697 capitibus
867 1613 1031 1696 prioribus
1046 1613 1215 1693 contineri,
1237 1605 1321 1674 haec

182 1717 253 1781 sola
274 1715 479 1798 perlustrabo
498 1721 596 1797 atque
612 1717 797 1798 perquiram
814 1721 911 1794 atque
927 1715 1151 1798 quaestionem
1167 1715 1215 1779 ita
1230 1714 1325 1777 insti-

181 1826 281 1902 tuam,
305 1825 344 1882 ut
367 1819 510 1882 excussis
533 1808 645 1881 eorum
660 1820 716 1903 qui
740 1824 816 1884 ante
840 1841 889 1883 me
913 1820 953 1883 dc
975 1818 1038 1882 hac
1059 1839 1095 1882 re
1118 1819 1323 1900 scripserunt

184 1923 363 2002 sententiis,
387 1941 469 2003 quae
491 1921 575 1984 ratio
599 1920 783 1986 intercedat
805 1928 890 1987 inter
901 1923 1069 1998 utriusque
1085 1920 1160 1986 libri
1175 1919 1326 1984 undecim

180 2027 294 2110 capita
330 2025 441 2108 priora
478 2029 511 2088 et
548 2024 663 2104 quibus
696 2025 777 2089 haec
812 2046 851 2089 ex
888 2023 1035 2090 fontibus
1069 2024 1218 2088 derivata
1251 2043 1324 2086 esse

183 2131 363 2210 videantur,
388 2127 553 2193 disseram.

652 2369 859 2381 ——-—.

647 2519 852 2623 Omml

266 2710 320 2774 Ac
343 2709 467 2791 primus
490 2706 621 2791 quidem
642 2709 796 2777 Andreas
819 2707 1021 2792 Schottus,²)
1048 2711 1088 2791 is,
1112 2711 1203 2774 cuius
1226 2707 1324 2773 bene-

180 2814 256 2879 ficio
281 2814 455 2882 Victorem
489 2814 523 2876 in
559 2812 664 2877 lucem
701 2815 795 2900 quasi
831 2815 967 2878 rediisse
1004 2814 1132 2895 scimus,
1178 2811 1341 2896 difficillis

180 2938 268 2982 mam
295 2918 379 2981 hanc
415 2917 587 2981 materiam
622 2917 825 3001 maximeque
854 2919 993 2983 arduam
1030 2917 1194 2982 tractavit.
1257 2912 1323 2996 Qui

182 3042 255 3086 cum
296 3020 552 3102 disceptavisset,
589 3025 701 3084 utrum
724 3021 876 3103 Epitome
898 3042 941 3085 an
963 3019 1047 3084 liber
1069 3020 1110 3084 de
1127 3018 1327 3084 Caesaribus

182 3123 312 3193 Victori
335 3122 394 3205 illi,
420 3144 513 3202 quem
534 3122 740 3206 praefectum
761 3123 837 3188 urbi
859 3128 892 3187 et
915 3122 1117 3188 consularem
1140 3121 1244 3186 fuisse
1259 3141 1326 3184 me·

183 3228 306 3293 moriae
328 3226 494 3309 proditum
516 3232 575 3308 est,
598 3227 806 3292 vindicandus
829 3231 924 3306 esset,
947 3226 1009 3291 hoc
1031 3225 1159 3307 statuit,
1183 3222 1325 3305 complu-

183 3331 274 3396 ribus
307 3330 395 3394 illius
418 3331 537 3394 aetatis
560 3330 776 3412 scriptoribus
798 3328 885 3394 idem
906 3328 987 3392 illud
1008 3348 1125 3392 nomen
1147 3327 1256 3406 fuisse,
1291 3331 1327 3388 et

182 3435 283 3500 libros
315 3431 389 3496 illos
424 3432 560 3496 diversis
593 3433 706 3497 deberi
738 3431 938 3511 auctoribus,
972 3431 1029 3494 sed
1057 3431 1233 3513 Epitomen
1268 3428 1324 3506 qui

182 3537 376 3620 scripsisset,
411 3555 484 3599 eum
515 3558 535 3601 a
564 3555 639 3600 vero
663 3535 798 3604 Victore
828 3536 983 3599 nonnulla
1005 3534 1190 3622 sumpsisse,
1227 3529 1323 3609 longe

183 3646 292 3705 autem
328 3638 470 3721 plurima
503 3638 680 3704 contulisse
713 3645 814 3722 atque
838 3638 1066 3719 conscripsisse
1087 3655 1128 3699 ex
1155 3631 1324 3711 Suetoni0,

185 3742 357 3824 Eutropio,
372 3741 560 3822 Ammiano,
577 3739 705 3809 Orosi0.
752 3741 846 3824 Quae
868 3740 1031 3804 sententia
1044 3758 1085 3802 ne
1100 3756 1177 3801 vera
1191 3734 1323 3818 quidem

184 3851 257 3926 est,
287 3866 362 3908 nam
392 3844 470 3926 quin
494 3841 629 3908 Orosius
651 3865 672 3908 a
693 3842 816 3910 Nostro
847 3843 1011 3927 inspectus
1033 3861 1097 3905 non
1119 3842 1172 3924 sit,
1203 3838 1326 3904 nemini

183 3970 293 4016 eorum
316 3947 418 4012 libros
439 3946 527 4010 inter
548 3965 583 4010 se
607 3949 813 4032 comparanti
838 3948 971 4013 dubium
994 3965 1063 4012 esse
1085 3950 1204 4029 potest.

258 4087 282 4154 ¹)
299 4084 398 4153 Subrr’b
416 4082 505 4151 Vrtblo
525 4085 557 4139 19
576 4085 672 4155 (1853)
689 4102 718 4155 p.
736 4086 797 4142 317.

256 4171 281 4240 ²)
299 4170 398 4240 praeli.
417 4169 454 4224 sd
474 4168 502 4228 S.
521 4172 671 4228 Aurelium
689 4171 844 4230 Victorem.
