2684 4500
599 246 638 305 37

50 411 194 476 alterum
219 412 366 476 Suetonii
390 412 555 495 quendam
576 411 697 475 librum
720 418 853 476 auctum
885 418 918 477 et
947 412 1191 500 amplificatum.

51 514 117 579 Sed
140 535 179 579 ne
202 515 281 597 quid
304 516 519 581 dubitationis
541 515 755 597 relinquatur,
791 515 972 602 Eutropius
1003 516 1095 582 uobis
1118 517 1192 582 sub·

49 620 152 700 venit,
176 620 209 682 in
232 640 297 701 quo
321 620 446 687 diutius
468 620 565 684 liceat
586 639 802 703 perseverare.

517 828 726 840 —n-Q—-o—-u

517 978 654 1081 caput
679 979 726 1061 V.

138 1133 295 1220 Eutropii
309 1134 460 1199 breviarii
474 1135 559 1199 illam
573 1141 706 1220 partem,
731 1158 796 1218 qua
811 1156 863 1200 res
885 1142 995 1218 gestas
1018 1131 1193 1199 Caesarum

53 1239 133 1303 inde
157 1238 197 1302 ab
220 1239 371 1322 Augusto
401 1260 504 1320 usque
538 1240 579 1302 ad
601 1238 818 1303 Domitianum
852 1238 1083 1325 complectitur,
1121 1238 1193 1320 qui-

56 1363 187 1424 cunque
211 1342 383 1424 diligenter
404 1342 589 1429 perlegerit,
616 1364 680 1406 non
703 1342 875 1423 dubitabit,
907 1344 987 1425 quin
1012 1363 1125 1424 magna
1155 1363 1194 1406 ex

50 1452 157 1531 parte,
181 1446 258 1527 quid
281 1446 352 1510 dico
370 1466 488 1527 magna
511 1466 550 1507 ex
571 1451 681 1529 parte,
710 1446 799 1509 immo
823 1445 890 1510 fere
918 1452 1007 1510 totae
1038 1446 1192 1509 Suetonio

54 1549 245 1632 debeantur,
260 1550 312 1636 3³)
346 1571 437 1631 quem
468 1547 653 1632 saepissime
676 1547 719 1613 ad
740 1549 869 1613 verbum
891 1549 1050 1613 redditum
1072 1549 1193 1612 iuveni-

54 1674 132 1718 mua
178 1649 278 1733 Quem
301 1672 486 1717 consensum
508 1651 603 1731 quasi
624 1651 659 1714 in
682 1651 823 1736 exemplo
846 1651 945 1717 liceat
967 1653 1164 1738 conspicere.

242 1859 335 1906 Eutrop.
350 1857 369 1910 7,
383 1858 414 1898 14.
859 1859 988 1900 Suetonius.

87 1943 163 1997 Nero
255 1943 302 2012 qui
332 1945 460 2014 exemplo
489 1945 519 1998 (l.
547 1945 598 1998 Ca·
688 1942 759 1996 Gal.
779 1944 812 1998 37
841 1949 873 1997 ut
902 1943 999 1996 calidis
1029 1942 1193 2010 frigidisque

52 2030 164 2092 ligulae
193 2030 222 2081 in
249 2030 347 2084 calidis
375 2035 404 2083 et
430 2030 539 2099 frigidis
556 2031 597 2082 la.-
652 2029 804 2096 unguentis
814 2029 970 2099 lavaretur3
990 2029 1068 2084 Ner.
1088 2028 1121 2082 30
1133 2029 1189 2097 pis-

54 2120 136 2168 voret
175 2117 333 2184 unguentis,
368 2117 476 2169 retibus
507 2116 598 2168 aureis
651 2116 729 2166 catus
747 2121 790 2168 est
808 2119 868 2168 rete
891 2120 991 2169 aurato
1016 2121 1045 2170 et
1068 2131 1194 2186 purpura

42 2203 219 2269 piscaretur,
242 2218 312 2271 quae
324 2200 469 2254 blattineis
481 2201 597 2255 funibus
651 2216 791 2267 coccoque
820 2201 932 2255 funibus
960 2203 1048 2256 nexis.
1097 2201 1194 2256 Suet.

45 2289 220 2341 extrahebat
304 2288 401 2341 urbem
414 2288 537 2342 Romam
554 2287 597 2339 in·
650 2278 725 2339 Ner.
753 2288 805 2343 38:
840 2288 969 2341 incendit
999 2288 1099 2341 urbem

41 2375 158 2438 cendit,
186 2380 219 2428 ut
248 2375 401 2443 spectaculi
420 2375 479 2427 eius
496 2373 596 2443 imagi·
647 2371 952 2441 laetusquefiammae.
966 2373 1195 2445 ‚pulchritudine

40 2472 119 2511 nem
152 2464 286 2524 cerneret,
316 2461 392 2526 quali
422 2461 490 2514 olim
508 2461 596 2514 Troia
647 2457 768 2512 Halosin
786 2460 833 2513 llii
857 2461 1027 2515 decantavit.

44 2549 142 2610 capta
170 2548 278 2596 arserat
309 2584 314 2596 .
340 2585 345 2596 .
371 2585 376 2597 .
419 2545 597 2598 Britanniam
683 2544 766 2598 Ner.
804 2547 847 2602 49.
900 2545 1049 2600 Britannia
1083 2545 1193 2597 amissa.

40 2641 146 2693 paene
165 2628 258 2680 amisit
275 2647 341 2680 nam
354 2631 408 2683 duo
421 2631 596 2684 nobilissima
649 2628 733 2684 Ner.
753 2632 795 2699 39,
821 2651 876 2703 qua
896 2635 951 2686 duo
971 2630 1125 2701 praecipua
1144 2648 1193 2699 op-

39 2713 161 2782 oppida
191 2717 274 2782 capta
303 2714 361 2767 illic
392 2718 476 2782 atque
500 2734 597 2770 eversa
649 2717 718 2784 pida
736 2758 742 2772 .
761 2757 768 2770 .
787 2718 899 2787 direpta
912 2722 977 2771 sunt
996 2758 1002 2772 .
1022 2757 1028 2770 .
1050 2756 1055 2768 .
1074 2715 1192 2785 legioni-

38 2806 130 2855 sunt.
174 2799 340 2854 Armeniam
363 2800 463 2854 Parthi
480 2804 601 2856 sustule·
652 2803 704 2856 bus
723 2804 752 2857 in
765 2805 902 2859 Armenia
921 2805 971 2857 sub
983 2805 1081 2874 iugum
1094 2801 1194 2854 missis.

32 2892 130 2939 runt¹
158 2888 338 2955 legionesque
367 2886 511 2941 Romanas
547 2889 598 2941 sub
703 2889 789 2943 Ner.
811 2891 835 2946 8.
867 2889 952 2945 Ponti
970 2890 1055 2944 modo
1074 2904 1195 2957 regnum

41 2965 158 3041 iugum
176 2975 322 3026 miserunt.
345 2973 417 3027 duae
431 2978 527 3028 tamen
546 2976 596 3028 sub
650 2975 821 3029 concedente
832 2974 987 3030 Polemone
998 2977 1068 3029 item
1075 2975 1192 3043 Alpium

38 3067 87 3107 eo
107 3060 270 3127 provinciae
288 3060 380 3114 factae
399 3065 470 3126 sunt,
488 3061 596 3115 Pontus
650 3061 782 3115 defuncto
796 3062 890 3115 Cottio
909 3061 938 3114 in
956 3061 1119 3130 provinciae
1137 3059 1194 3113 for·

34 3131 269 3199 Polemoniacus
282 3147 452 3202 concedente
462 3165 529 3217 rege
539 3146 593 3201 Po·
648 3166 725 3202 mam
743 3149 864 3219 redegit.

32 3209 163 3283 lemene
195 3235 223 3283 et
251 3234 340 3301 Alpes
367 3233 478 3286 Cottiae
500 3233 594 3288 Cottio

33 3321 120 3383 rege
138 3315 281 3372 defuncto.

141 3419 207 3484 Sed
229 3426 338 3484 tamen
361 3444 424 3486 non
447 3424 563 3505 omnia,
589 3444 673 3506 quae
690 3422 870 3503 Eutropius
893 3421 1034 3502 exhibet,
1059 3442 1099 3484 ex
1116 3419 1194 3485 Sue·

45 3519 145 3586 tonio
169 3531 342 3588 manarunt
374 3532 406 3589 et
429 3548 468 3590 ne
492 3526 737 3610 diligentissime
774 3524 905 3608 quidem
929 3523 1079 3590 Suetonii
1107 3526 1191 3590 libro

46 3627 198 3700 perlecto
224 3631 332 3694 omnia
353 3631 559 3712 Eutropiana
580 3631 740 3711 iuvenies,
764 3631 857 3693 immo
888 3665 931 3675 -
960 3629 1009 3693 ita
1030 3635 1069 3694 ut
1096 3651 1195 3713 supra

50 3719 97 3799 in,
124 3729 281 3811 Epitoma
317 3735 519 3815 perlustrata
551 3735 726 3799 statuimus
761 3771 799 3781 -
836 3732 889 3795 hic
921 3731 989 3796 illio
1022 3732 1121 3797 rebus
1155 3754 1194 3796 ex
1296 3763 1302 3774 ·

53 3821 212 3897 Suetonio
240 3839 354 3916 petitis
386 3839 546 3920 quaedam
575 3839 660 3903 levia
696 3836 921 3902 additamenta
952 3837 1075 3901 inserta
1108 3841 1192 3917 sunt,

60 3965 262 3984 bun—.—

124 4043 168 4110 ³³)
187 4045 311 4113 exceptis
331 4045 414 4098 rebus
433 4045 469 4097 ad
486 4045 646 4113 Augustum
664 4044 880 4113 pertinentibus,
910 4043 1058 4112 inquibus
1087 4041 1192 4095 descri-

59 4128 154 4185 bendis
173 4130 269 4184 Livius
287 4135 317 4184 et
335 4129 483 4184 Suetonius
502 4130 687 4186 contaminati
705 4137 774 4186 sunt.

1108 4214 1126 4266 3
