2684 4500
650 167 691 227 14

96 337 169 402 nius
193 334 279 421 (Oal.
303 338 359 420 36)
405 334 589 418 Caligulam
630 340 756 416 arguat,
789 333 876 421 quod
906 333 1101 420 „pudicitiae
1131 353 1242 419 neque

99 460 177 504 suae
193 459 297 520 neque
315 439 440 505 alienae
462 440 672 524 pepercerit,“
698 438 779 501 haec
794 438 893 503 rerba
915 437 1033 505 Victor
1047 437 1080 500 in
1095 435 1241 500 Neronis

99 543 167 606 vita
182 543 372 608 recordatus
395 541 438 607 ad
459 542 626 607 Neronem
648 542 751 606 trahit
773 540 879 624 (Caes.
904 544 972 622 5,5:
1012 560 1137 626 „neque
1160 559 1242 604 suae

100 664 204 730 neque
228 646 369 711 aliorum
389 646 566 732 pudicitiae
589 648 747 729 parcens“
769 643 881 730 :Epit
906 647 980 725 5,5).

185 745 281 829 Quod
317 756 427 815 autem
457 747 664 814 Woelfflinus
697 746 867 814 Victorem
902 766 956 810 res
994 744 1236 813 aansaribus

96 856 206 937 gestas
248 857 446 918 tractantem
470 853 579 916 omnia
601 849 855 937 praetermisisse
879 855 998 931 censet,
1023 870 1105 934 quae
1129 848 1240 913 dome-

97 959 214 1023 sticam
236 959 473 1043 imperatorum
506 956 606 1018 vitam
629 953 797 1038 complexa
820 951 861 1015 ab
883 951 943 1015 hac
965 954 1099 1017 materia
1122 953 1242 1017 abhor-

98 1067 219 1142 rerent,
255 1067 288 1125 et
325 1061 595 1147 Epitomatorem,
637 1058 686 1120 cui
708 1057 789 1132 haec
812 1054 1002 1135 arriderent,
1037 1053 1241 1134 Suetonium,

97 1163 133 1228 id
157 1168 206 1228 est
229 1162 421 1228 Suetonium
442 1165 558 1250 ipsum,
583 1181 657 1224 cum
681 1159 816 1227 Victore
839 1159 1081 1235 contaminasse,
1113 1178 1154 1221 ne
1176 1157 1241 1222 hoc

99 1265 232 1350 quidem
253 1288 366 1330 verum
388 1267 467 1331 mihi
489 1266 627 1331 videtur.
671 1263 774 1344 Fugit
796 1262 880 1325 enim
895 1260 1242 1325 virum‘doctissimum

101 1368 275 1454 permultos
298 1370 333 1433 in
351 1369 505 1454 Epitoma
522 1367 661 1432 inveniri
681 1366 780 1446 locos,
804 1367 858 1452 qui
881 1385 954 1429 cum
970 1365 1012 1428 ad
1030 1364 1242 1429 domesticam

100 1469 280 1536 Caesarum
301 1473 402 1536 vitam
423 1473 617 1557 pertineant,
640 1474 751 1533 tamen
772 1468 896 1533 frustra
919 1467 1006 1552 apud
1047 1465 1242 1532 Suetonium

101 1580 312 1659 quaerantur,
336 1576 383 1638 ita
404 1582 442 1640 ut
457 1577 538 1642 haec
552 1594 680 1662 quoque
701 1571 878 1638 Woelfflini
899 1572 1060 1635 sententia
1073 1568 1242 1634 reicienda

100 1675 251 1740 videatur
274 1697 351 1744 esse.

187 1777 252 1844 Sed
274 1781 355 1846 haec
377 1782 551 1862 hactenus;
573 1801 658 1845 nunc
680 1779 833 1864 quoniam
846 1778 990 1844 virorum
1006 1780 1177 1844 doctorum
1193 1777 1234 1842 de

100 1880 234 1947 Nostris
261 1883 387 1967 judicia
419 1885 628 1951 refutavimus
654 1885 698 1950 ad
726 1884 831 1970 ipsam
864 1883 1090 1968 quaestionem
1123 1903 1235 1967 aggre-

99 1983 237 2053 diamur.

566 2209 773 2219 ——a——n-

542 2381 681 2484 Caput
706 2381 787 2461 ΙΙΙ.

187 2580 252 2648 Sed
275 2588 352 2649 ante
374 2589 483 2653 omnia
505 2586 610 2669 opinio
633 2587 691 2652 illa
712 2592 751 2652 de
765 2583 968 2650 uberioribus
994 2581 1140 2650 Victoris
1166 2581 1232 2646 his·

97 2687 203 2768 toriis,
234 2710 318 2774 quae
347 2692 469 2756 mirum
493 2697 653 2778 quantum
684 2692 809 2756 animos
831 2690 975 2754 virorum
998 2687 1168 2751 doctorum
1190 2685 1239 2748 in-

98 2791 207 2867 cessit,
229 2793 374 2858 tollenda
388 2801 446 2860 est.
492 2792 589 2876 Quod
603 2798 640 2858 ut
653 2793 745 2858 nobis
762 2794 939 2876 contingat,
962 2789 1044 2854 nihil
1058 2788 1123 2852 nisi
1137 2788 1241 2873 scrip-

99 2901 188 2959 tores
221 2896 325 2959 nostri
355 2901 388 2960 et
420 2917 531 2960 eorum
574 2897 700 2962 diversa
737 2897 868 2980 ingenia
891 2895 984 2960 nobis
1013 2889 1241 2977 perspicienda

98 3003 188 3064 sunt.
232 2995 308 3061 Duo
342 2999 427 3062 enim
463 3004 539 3063 sunt
571 3022 689 3083 genera
723 3021 832 3065 rerum
869 2999 1071 3084 scriptorum.
1128 2991 1240 3058 Unum

103 3121 227 3183 eorum,
273 3101 330 3186 qui
359 3101 488 3184 ingenio
511 3103 653 3188 quodam
674 3102 821 3191 praediti,
845 3122 928 3188 quae
951 3122 991 3165 cx
1012 3097 1243 3165 fontibushau-

97 3204 197 3285 riunt,
220 3204 352 3290 proprio
367 3204 486 3270 iudicio
503 3212 705 3292 pertractent
720 3212 754 3272 et
767 3209 1012 3291 persequantur,
1028 3203 1077 3268 ita
1090 3207 1128 3266 ut
1139 3201 1242 3264 histo·

100 3308 168 3371 rias
200 3307 368 3392 scripsisse
397 3306 573 3373 videantur
596 3330 661 3373 non
688 3309 730 3375 ad
754 3306 963 3374 delectandos
984 3326 1097 3370 verum
1119 3303 1162 3368 ad
1184 3301 1242 3366 do·

104 3411 222 3477 cendos
244 3416 344 3497 atque
366 3410 577 3476 instruendos
601 3434 713 3478 eorum
727 3413 782 3498 qui
796 3412 907 3494 legant
922 3409 1056 3473 animos.
1102 3403 1167 3487 Qui
1182 3404 1243 3469 soli

97 3535 174 3579 vere
188 3515 337 3578 historici
352 3519 426 3578 sunt
440 3516 636 3600 appellandi,
660 3537 746 3598 nam,
771 3504 1011 3603 qualescunque
1026 3515 1110 3590 sunt,
1134 3513 1243 3574 totum

104 3616 239 3702 aliquod
269 3621 302 3680 et
335 3638 456 3682 novum
478 3618 663 3683 aedificium
686 3622 859 3684 exstruunt
882 3638 922 3680 ex
943 3615 1084 3680 materia
1105 3633 1126 3677 a
1147 3631 1242 3697 supe·

97 3720 241 3785 'rioribus
265 3721 479 3806 scriptoribus
502 3723 580 3787 data
603 3728 636 3787 et
657 3744 710 3787 res
733 3730 845 3806 gestas
860 3722 1045 3806 proponunt
1060 3717 1244 3781 illustratas

95 3825 168 3890 suis
190 3824 378 3889 luminibus.
422 3822 540 3911 Neque
561 3825 596 3890 id
619 3824 661 3892 ad
684 3823 905 3900 aestimandos
928 3821 1104 3906 scriptores
1126 3818 1239 3901 refert,

96 3933 212 3995 >utrum
240 3927 354 3994 breves
377 3949 419 3992 an
441 3927 558 3992 uberes
587 3928 743 4019 historias
773 3925 972 4012 scripserint,
1016 3943 1119 4009 neque
1151 3921 1240 4006 quis-

95 4048 199 4118 quam
221 4032 296 4097 ideo
318 4033 524 4120 Eutropium,
557 4053 578 4096 a
611 4031 805 4096 doctissimis
837 4029 913 4093 viris
945 4025 1081 4115 plurimi
1116 4024 1242 4090 factum
