2684 4500
618 178 656 239 11

64 359 162 413 inter
190 359 403 415 militarium
441 359 608 415 fortissimos
659 361 965 430 puredonevitneo
992 343 1084 418 minus
1108 364 1201 418 Feli-

62 460 154 514 arma,
172 446 294 516 insignia
312 451 450 516 tanquam
469 447 606 516 participi
659 463 741 513 cem,
777 463 862 514 quem
899 448 1061 504 cohortibus
1088 454 1118 505 et
1147 451 1200 505 elis

59 533 199 587 victoriae
218 534 318 587 dono
338 533 425 586 dedit
449 532 606 601 Polybi·
658 532 883 600 provinciaeque
913 533 1075 589 Judscae
1105 554 1202 606 pree·

60 634 121 669 um
138 617 253 672 inter
272 615 462 673 consules
479 619 605 672 medium
658 617 804 684 posuit...
822 619 1203 689 acsuperhosPolybum,

58 701 192 758 incedere
200 703 276 758 fecit
294 703 355 756 Hos
368 720 465 757 omnes
475 704 604 758 anteibat
659 700 708 767 qui
727 719 810 770 saepe
828 701 928 758 inter
946 704 1028 759 duos
1048 708 1203 762 consules

61 786 280 844 Narcissus
318 791 362 844 ab
394 789 604 858 epistolis,
657 786 1197 858 ambulabat3sedenteomnisNer·

59 872 603 945 dominumsegerensipsiusdomini,
656 872 797 927 cissum
841 877 885 930 ab
931 878 1119 947 epistolis
1166 885 1197 935 et

59 959 601 1030 Pallasquepraetoriisor-
656 956 877 1014 Pallantem
946 980 963 1017 a
1032 963 1199 1032 rationibus,

61 1048 267 1101 nementis
312 1047 494 1114 sublimatum
532 1047 603 1102 adeo
656 1060 810 1112 quo...
886 1049 1199 1120 praetoriisque

57 1134 173 1202 divites,
210 1136 243 1186 ut
285 1122 419 1187 causante
447 1151 485 1187 eo
521 1134 603 1188 ino·
657 1131 908 1185 ornamentis
938 1132 1073 1189 honorari
1104 1137 1197 1191 libens

58 1219 164 1288 piam
192 1217 260 1282 fisci,
291 1217 466 1287 lepidissime
494 1219 602 1274 famoso
655 1233 752 1285 passus
771 1221 829 1284 ost,
848 1220 960 1272 tantum
977 1226 1126 1288 praeterea
1145 1223 1195 1276 ad·

56 1304 153 1374 elogio
182 1304 331 1373 vulgatum
360 1306 406 1364 sit,
444 1305 603 1360 abunde
656 1303 769 1371 quir-ere
798 1307 827 1358 et
861 1321 970 1372 rapere,
1000 1311 1032 1360 ut
1062 1312 1197 1377 querente

58 1391 97 1445 ei
132 1391 345 1461 pecuniam
380 1393 487 1459 fore,
534 1392 600 1446 sia
653 1406 687 1444 eo
706 1390 1194 1466 quondamdefisoiexigni·

58 1478 212 1532 duobus
255 1477 425 1532 libertis
469 1479 509 1531 in
549 1495 601 1532 so·
653 1480 734 1531 tate
763 1495 821 1532 non
850 1477 976 1531 absurde
1005 1477 1114 1532 dictum
1145 1480 1199 1535 sit:

59 1564 545 1634 eietatemreciperetur.
654 1561 1200 1627 abundaturumsiaduobusli·

653 1646 764 1701 bertis
785 1648 1195 1720 inconsortiumrecipe·

653 1739 758 1793 retur.
1106 1725 1109 1734 ’

123 1904 216 1987 Quae
239 1926 313 1971 cum
334 1907 383 1971 ita
405 1907 481 1990 sint,
503 1929 581 1972 num
603 1906 741 1989 cogitari
762 1913 872 1989 potest
895 1945 935 1958 -
958 1908 993 1972 id
1009 1908 1093 1972 enim
1108 1909 1198 1973 oolli-

54 2011 196 2094 gendum
220 2015 270 2074 est
293 2029 332 2074 ex
350 2007 474 2093 Opitzii
489 2012 639 2093 opinione
654 2012 824 2093 censentis,
842 2010 950 2075 omnia
964 2011 1096 2092 quaein
1110 2010 1197 2076 libro

56 2114 99 2178 de
123 2110 318 2177 Caesaribus
341 2114 431 2178 etin
453 2113 610 2197 Epitoma
632 2120 754 2194 extant,
776 2114 810 2179 in
831 2113 888 2178 illo
910 2113 1059 2178 uberiore
1075 2112 1108 2183 S.
1125 2113 1196 2179 Au-

56 2217 131 2281 relii
152 2215 298 2283 Victoris
319 2216 404 2282 libro
427 2217 551 2299 scripta
572 2215 672 2281 fuisse
695 2255 738 2266 -
761 2216 898 2281 eundem
914 2216 1106 2299 scriptorem
1120 2238 1197 2299 par·

58 2319 120 2384 tim
151 2316 302 2383 Suetonii
324 2319 460 2402 vestigia
482 2326 552 2385 tam
581 2327 697 2404 aperte
727 2321 893 2403 pressisse,
928 2325 965 2385 ut
987 2318 1030 2384 ad
1062 2319 1197 2386 verbnm

58 2421 168 2487 omnia
190 2441 230 2485 ex
252 2420 344 2487 fonte
366 2422 524 2503 hauriret,
547 2424 668 2505 partim
689 2423 774 2488 mira
796 2421 937 2506 quadam
959 2422 1136 2488 sedulitate
1159 2429 1193 2490 et

56 2524 229 2606 diligentia
252 2522 401 2590 Suetonii
422 2527 684 2592 narratiunculas
699 2527 802 2593 libere
816 2528 1028 2592 immutasse?
1045 2523 1142 2607 Quod
1156 2545 1193 2591 re

54 2648 136 2692 vera
156 2626 281 2691 factum
304 2647 374 2692 esse
395 2649 489 2692 nemo
512 2629 580 2694 fere
603 2629 786 2695 contendet.

146 2728 276 2809 Restat,
298 2735 336 2794 ut
358 2729 399 2793 de
421 2730 579 2796 Eduardo
601 2731 792 2798 Woelfflino
805 2731 859 2815 ¹³)
881 2751 989 2814 pauca
1003 2730 1119 2813 dicam,
1141 2731 1198 2814 qui

59 2832 184 2917 Opitzii
206 2833 403 2898 sententiam
425 2834 593 2917 amplexus
624 2835 840 2918 argutissimis
871 2834 976 2898 causis
1007 2834 1199 2917 comprobat

58 2937 323 3021 gravissimoque,
346 2956 409 3018 quo
431 2937 518 3001 illius
541 2939 649 3020 opinio
671 2939 802 3005 laborat
823 2937 911 3018 vitio,
934 2937 1080 3001 eomodo
1102 2936 1198 3002 facile

57 3038 121 3104 sibi
142 3037 265 3102 mederi
285 3036 423 3121 videtur,
447 3044 485 3103 ut
506 3041 636 3106 Aurelii
667 3040 810 3109 Victoris
839 3040 993 3105 historias
1023 3039 1197 3122 ampliores

56 3140 220 3225 quondam
244 3138 344 3205 fuisse
366 3147 493 3206 statuat
515 3148 549 3207 et
572 3163 611 3207 ex
632 3143 777 3226 pleniore
798 3143 856 3208 illo
878 3143 963 3207 libro
991 3162 1057 3206 non
1088 3140 1195 3222 modo,

60 3245 117 3328 qui
139 3249 290 3308 nostrum
313 3243 557 3310 debaesaribus
578 3245 724 3310 libellum
746 3246 938 3328 scripsisset,
960 3245 1197 3324 verumetiam,

60 3346 117 3430 qui
139 3345 329 3428 Epitomam
350 3346 553 3430 confecisset,
576 3369 635 3413 sua
657 3348 880 3432 desumpsisse,
904 3348 962 3414 sed
982 3349 1031 3413 ita
1051 3351 1090 3411 ut
1117 3343 1198 3410 Sue·

57 3449 194 3514 toniana
214 3448 314 3514 multa
335 3450 534 3519 admisceret.
579 3450 679 3518 Cuius
711 3450 773 3516 viri
806 3450 986 3516 doctissimi
1018 3448 1199 3515 auotoritas

56 3570 161 3634 paene
183 3571 235 3614 me
257 3550 427 3637 deterruit,
450 3577 501 3638 ne,
527 3578 600 3621 oum
632 3555 700 3619 eius
733 3555 929 3619 sententiam
964 3552 1098 3636 probari
1132 3573 1199 3617 non

55 3674 152 3737 posse
174 3658 333 3737 putarem,
356 3656 440 3722 hano
469 3658 694 3742 quaestionem
719 3657 924 3740 susciperem.
956 3656 1023 3724 Sed
1037 3677 1088 3721 me
1103 3656 1199 3738 quasi

57 3761 186 3821 recreat
208 3763 242 3822 et
265 3757 371 3823 reficit
397 3781 470 3825 cum
499 3761 648 3826 veritatis
679 3761 832 3842 studium,
864 3780 929 3843 quo
963 3760 1064 3825 etiam
1097 3766 1197 3841 atque

59 3860 159 3924 etiam
181 3863 328 3941 quamvis
349 3863 470 3928 invitus
492 3864 527 3928 in
558 3864 643 3929 hanc
675 3883 746 3928 rem
779 3862 923 3929 adducor
957 3868 990 3929 et
1022 3861 1196 3946 perpellor,

132 4021 175 4088 ¹³)
194 4017 350 4089 fflltlulliltss
368 4016 488 4086 lihitum
504 3979 548 4080 lllt
565 4018 708 4089 libitologie
725 4017 800 4074 auro
818 4017 852 4072 29
871 4019 907 4075 (ὅ.
926 4015 978 4073 282
995 4016 1035 4087 Πς
1054 4015 1107 4072 unt
1125 4015 1197 4078 tiara

62 4104 136 4175 bota
154 4105 350 4176 &attributati
367 4106 383 4160 3
401 4105 550 4174 (1874-75
569 4104 604 4161 Θ.
621 4104 674 4160 787
691 4104 731 4175 π.)
1239 4098 1243 4107 “
