2684 4500
652 179 693 240 32

99 359 260 419 matorem
297 349 397 414 alium
431 345 594 431 quendam
628 345 751 411 librum
787 343 867 409 data
896 364 997 427 opera
1028 340 1166 408 adisse?
1203 379 1241 391 -

101 455 221 537 Neque
243 453 349 517 minus
372 453 582 536 perspicuum
603 450 665 514 hoc
687 449 774 512 idem
803 448 895 513 nobis
928 452 1068 530 apparet
1098 445 1243 511 conside·

100 555 258 637 rantibus,
294 576 374 637 quos
408 555 547 639 populos
583 554 737 636 Epitome
773 557 807 616 et
837 571 917 633 quos
941 549 1118 615 Suetonius
1141 550 1243 613 victos

100 659 254 725 nominet.
306 657 389 724 (lum
422 659 508 722 enim
557 659 644 721 inter
678 676 712 720 se
745 676 841 741 quam
873 654 1013 718 maxime
1046 652 1243 737 conspirent,

306 813 366 860 Epic.
384 813 404 864 1,
418 811 437 852 7.
881 808 941 848 Suet
955 807 1013 858 Aug.
1028 806 1060 847 21.

152 884 188 938 in
208 882 372 938 Gall-iam
396 879 577 933 transtulit
769 877 923 931 traduxit
949 876 988 928 in
1007 874 1174 929 Galliam

136 969 178 1031 1,8
204 968 357 1023 obsides
376 966 620 1020 obtulerunt
766 962 925 1016 obsides
945 963 1186 1017 obtulerunt.

101 1049 646 1121 l,10utnisiiustisdecausis
702 1039 1242 1118 neculligentisineiustiset

101 1155 255 1208 numquam
280 1138 382 1208 genti
407 1138 539 1206 cuiquam
567 1136 646 1190 bel·
701 1134 868 1188 necessariis
913 1135 1048 1189 causis
1091 1136 1241 1190 bellum

100 1226 169 1279 lum
187 1223 368 1278 intulerit
697 1220 851 1274 intulit.

103 1334 213 1392 tamen
229 1327 382 1412 Epitome
404 1348 468 1391 non
481 1325 577 1390 modo
597 1346 634 1391 eo
650 1347 670 1391 a
685 1326 839 1391 Suetonio
855 1325 990 1402 recedit,
1015 1326 1101 1412 quod
1115 1323 1239 1391 Suevos

103 1430 148 1496 ab
170 1429 322 1513 Augusto
346 1429 471 1495 deletos
494 1429 585 1510 dicit,
610 1450 691 1512 quos
707 1428 882 1495 Suetonius
905 1449 978 1492 cum
994 1427 1184 1512 Sugambris
1206 1430 1239 1492 in

102 1532 247 1599 Galliam
270 1533 448 1598 translatos
472 1553 541 1598 esse
562 1539 684 1613 narret,
721 1531 755 1595 id
792 1532 881 1614 quod
913 1532 1041 1597 levitati
1063 1533 1182 1598 nimiae
1206 1538 1240 1598 et

100 1637 179 1701 satis
201 1641 299 1700 notae
322 1635 559 1719 Epitomatoris
581 1636 684 1701 tribui
705 1643 825 1719 potest,
859 1634 917 1700 sed
952 1637 1052 1700 etiam
1089 1633 1238 1716 Chattos

101 1737 207 1804 Getas
224 1737 470 1821 Basternasque
487 1739 629 1821 exhibet,
653 1760 792 1822 quorum
813 1760 915 1818 neque
937 1739 1023 1822 apud
1046 1738 1240 1808 Suetonium

100 1861 204 1928 neque
228 1841 315 1926 apud
350 1842 450 1906 ullum
484 1863 593 1907 rerum
623 1842 817 1925 scriptorem
847 1841 946 1906 ullam
970 1843 1168 1907 mentionem
1191 1842 1240 1907 in·

98 1946 217 2012 venies.
263 1944 348 2011 Num
369 1945 450 2011 haec
472 1946 635 2010 addidisse
656 1945 765 2028 potius
788 1950 940 2028 putemus
963 1940 1235 2027 Epitom'atorem,

102 2069 174 2113 cnm
197 2047 356 2130 Salassos,
379 2049 529 2134 illyricos
553 2049 704 2114 subactos
727 2049 904 2128 omitteret,
935 2069 1035 2134 quam
1057 2069 1130 2112 eum
1157 2047 1241 2114 haec

97 2152 163 2215 iam
178 2151 265 2235 apud
281 2151 471 2217 Suetonium
486 2175 578 2218 suum
594 2153 777 2236 repperisse
793 2157 827 2217 et
839 2150 915 2216 inde
930 2172 989 2215 sua
1001 2150 1240 2238 deprompsisse

98 2253 307 2319 statuamus?
337 2293 378 2302 -
411 2255 505 2319 Idem
528 2254 616 2319 cadit
640 2258 673 2320 in
711 2256 851 2336 exilium,
884 2276 947 2341 quo
972 2252 1123 2319 Ovidium
1144 2255 1243 2338 puni·

97 2363 168 2422 turn
189 2377 260 2421 esse
282 2356 405 2432 Noster
427 2357 533 2443 (Epit.
558 2361 654 2442 1‚25)
677 2379 780 2444 paene
815 2356 903 2422 solus
932 2357 1045 2438 tradit,
1082 2356 1169 2422 idem
1205 2359 1239 2423 in

98 2481 250 2542 amorem,
289 2481 355 2543 quo
392 2459 584 2542 Augustum
618 2483 691 2527 cum
713 2460 860 2543 Vergilio
897 2461 1106 2525 coniunctum
1139 2461 1243 2528 fuisse

98 2569 212 2629 narrat
233 2564 336 2648 (Epit.
364 2573 390 2646 1,
409 2565 478 2650 lo);
502 2575 535 2629 et
557 2565 632 2648 quis
656 2564 768 2629 credet
782 2564 1046 2646 Epitomatorem
1062 2563 1144 2629 haec
1164 2566 1243 2649 ipsa
1287 2620 1289 2623 ,

96 2666 213 2732 verba:
237 2667 418 2751 „diligebat
432 2667 832 2751 praetereaVergilium,“
855 2688 940 2750 quae
976 2667 1076 2733 verba
1089 2667 1238 2751 pluribus

98 2770 234 2854 integris
270 2771 413 2853 periodis
451 2792 490 2835 ex
525 2770 613 2837 Suet.
643 2769 730 2854 Aug.
755 2776 796 2834 66
828 2776 861 2834 et
884 2773 926 2836 84
958 2771 1084 2835 haustis
1113 2772 1245 2836 inserta

97 2879 181 2954 suut,
204 2893 245 2937 ex
266 2894 348 2937 novo
371 2875 541 2956 repetiisse
564 2872 747 2956 scriptore?

182 2976 224 3043 In
247 2977 317 3042 vita
333 2975 467 3059 Tiberii,
492 2977 638 3060 quamvis
660 2976 760 3058 brevi,
783 2977 879 3063 plura
894 2982 1004 3045 tamen
1019 2978 1240 3062 inveniuntur,

98 3100 183 3162 quae
206 3080 276 3145 sola
297 3080 450 3162 Epitome
474 3080 699 3167 exhibeat²⁷),
723 3101 861 3163 quorum
882 3079 1164 3145 manifestissimus
1187 3086 1244 3146 est

98 3183 151 3247 hic
179 3183 281 3264 loono,
312 3182 370 3248 ubi
391 3181 663 3266 Epitomatorem,
699 3184 844 3267 quamvis
865 3183 1040 3253 Victorem
1063 3189 1096 3247 et
1118 3181 1241 3249 Sueto·

97 3285 187 3349 nium
210 3285 489 3367 contaminaverit,
514 3286 640 3369 aliquid
663 3291 774 3352 tamen
796 3285 960 3352 addidisse
982 3287 1137 3353 videmus.

169 3511 212 3577 ²⁷)
234 3509 317 3579 Quod
334 3507 515 3578 Epitomator
547 3507 633 3580 (Epic
652 3508 676 3575 2,
689 3509 715 3579 8)
746 3507 944 3576 Marobodum,
976 3527 1059 3579 quem
1078 3509 1243 3568 Germano·-

96 3609 159 3646 rum
176 3610 272 3662 regem
291 3594 443 3649 Suetonius
461 3596 599 3666 nominat,
625 3594 785 3648 Suevorum
803 3611 901 3665 regem
932 3597 1069 3665 appellat,
1098 3597 1244 3654 hocloco

95 3696 155 3734 non
175 3695 376 3734 commemoro.
412 3681 497 3736 Certe
515 3682 592 3734 enim
603 3679 786 3751 Epitomator
798 3681 853 3737 hoc
865 3699 900 3737 ex
911 3680 1031 3737 Victore
1043 3682 1145 3753 hausit,
1159 3686 1239 3755 apud

97 3780 181 3831 quem
200 3768 291 3819 totam
308 3762 382 3819 hanc
405 3782 467 3820 rem
494 3767 634 3836 extitisse,
661 3786 697 3822 ex
722 3769 881 3823 Bodleiano
909 3767 987 3837 (vide
1010 3770 1156 3839 Append.)
1186 3790 1240 3843 ap·

96 3855 189 3919 paret.
224 3850 297 3905 Nam
315 3849 390 3905 inter
419 3852 507 3906 verba
541 3854 632 3922 (Gaea.
651 3857 675 3919 2,
694 3856 722 3922 4)
750 3853 911 3924 praetorias
941 3857 971 3908 et
988 3860 1179 3926 proruperant
1195 3859 1242 3914 ibi

94 3934 215 4006 legitur:
234 3936 353 4004 „callide
372 3937 581 3995 circumventus
603 3941 762 3997 Suevorum
779 3959 837 4006 rex,
855 3958 947 4010 neque
964 3940 1056 3996 minus
1074 3948 1245 4002 contractas

94 4020 220 4091 undique
236 4024 394 4082 cohortea“
446 4074 447 4078 ,
