2684 4500
175 1250 369 1317 Ouidianum
399 1249 494 1314 illud:
530 1250 673 1331 „habent
699 1271 773 1337 sua⁴
789 1249 868 1317 fata.
888 1248 1011 1318 libelli“
1043 1253 1137 1320 nobis
1167 1257 1202 1322 in

64 1360 208 1419 mentem
237 1354 326 1418 venit
356 1353 592 1436 cogitantibus,
625 1352 743 1417 multos
771 1352 874 1418 libros
904 1376 924 1418 a
954 1359 1004 1419 tot
1034 1358 1201 1442 tantisque

64 1457 153 1538 viris,
177 1458 232 1539 qui
253 1459 340 1523 vitae
362 1479 439 1522 suae
461 1456 553 1539 quasi
574 1454 822 1519 tabernaculum
843 1456 878 1519 in
892 1456 1083 1539 indagandis
1101 1465 1202 1547 scrip·

61 1571 171 1628 torum
194 1561 400 1643 antiquitatis
422 1559 566 1625 fontibus
578 1559 827 1639 collocaverunt,
857 1560 957 1623 etiam
979 1568 1078 1646 atque
1101 1568 1201 1634 etiam

63 1666 211 1746 tractari,
225 1666 366 1747 quamvis
374 1664 565 1747 praemium,
578 1661 664 1746 quod
675 1682 715 1727 ex
727 1663 772 1728 eis
784 1663 944 1730 redundat
955 1664 1060 1731 labori
1069 1669 1201 1737 minime

67 1770 195 1854 parsit,
219 1769 309 1850 alios,
326 1769 381 1851 qui
393 1770 516 1852 opimos
528 1767 651 1831 fructus
661 1772 853 1849 proponant,
867 1767 1036 1851 despectos
1048 1771 1154 1838 iacere
1166 1781 1200 1840 et

63 1873 202 1956 neglegi.
247 1871 360 1954 Atque
382 1871 464 1935 haec
486 1891 583 1935 causa
606 1876 655 1935 est
678 1869 710 1934 S.
727 1869 857 1934 Aurelii
874 1869 1018 1938 Victoris
1040 1873 1200 1943 librorum

64 1983 99 2040 et
133 1976 201 2039 eius
235 1976 290 2058 qui
320 1976 509 2040 inscribitur
538 1973 578 2037 do
601 1971 795 2037 Caesaribus
826 1978 859 2036 et
881 1973 1060 2058 Epitomes,
1084 1980 1141 2061 qui
1162 1988 1200 2047 ut

65 2079 208 2145 antehos
218 2078 438 2142 decomannos
454 2077 552 2140 etiam
567 2095 670 2158 paene
685 2075 749 2139 toti
762 2076 797 2141 in
812 2075 969 2140 oblivione
985 2077 1136 2147 iacebant
1151 2084 1200 2149 ita

62 2182 213 2264 quaestio
237 2181 277 2244 de
300 2182 346 2244 eis
368 2181 448 2245 adeo
471 2200 536 2243 non
559 2184 610 2242 est
624 2199 677 2249 ne,
706 2198 811 2241 nuno
844 2179 1028 2263 quidem,
1050 2186 1198 2267 perfecta

63 2290 98 2348 et
120 2282 281 2365 absoluta,
304 2289 341 2348 ut
364 2284 544 2365 quicunque
560 2302 616 2353 eos
629 2286 861 2364 perscrutetur,
884 2303 935 2347 res
951 2285 1055 2350 adhuc
1069 2289 1198 2370 ignotas

63 2385 161 2450 facile
182 2386 326 2450 invenire
349 2386 462 2468 possit.
507 2384 623 2467 Neque
633 2390 742 2448 tamen
764 2383 812 2447 illi
834 2383 911 2448 libri
934 2386 1023 2470 digni
1040 2399 1124 2472 sunt,
1142 2394 1197 2473 qui

61 2492 113 2555 ita
135 2490 356 2572 neglegantur.
402 2489 501 2554 Certe
522 2494 661 2570 uterque
685 2486 726 2551 ab
750 2489 908 2566 omnibus,
931 2491 987 2571 qui
1001 2511 1108 2555 rerum
1130 2492 1197 2558 Ro·

66 2614 236 2656 manorum
258 2594 432 2656 memoriae
455 2591 597 2672 student,
621 2591 864 2672 saepissimam
885 2613 980 2657 usum
993 2600 1140 2676 vocatur,
1164 2602 1198 2661 et

59 2697 118 2781 qui
150 2695 269 2760 librum
300 2695 340 2758 do
364 2693 560 2759 Caesaribus
590 2694 728 2776 scripsit,
759 2695 906 2776 quisquis
925 2693 995 2775 fuit,
1027 2717 1100 2760 eum
1123 2719 1197 2763 vere
1224 2692 1227 2699 ’

61 2799 254 2863 historicum
275 2798 505 2863 nominandum
528 2803 561 2861 et
587 2817 716 2880 gravem
738 2801 856 2860 testem
879 2799 998 2861 aetatis
1020 2796 1197 2866 Caesarum

59 2923 131 2968 esse
157 2924 251 2966 nemo
273 2901 415 2983 negabit.
459 2901 591 2965 Dixerit
614 2900 783 2985 quispiam,
818 2898 997 2982 Victorem,
1035 2923 1107 2967 oum
1129 2904 1197 2970 fere

64 3010 219 3088 quattuor
241 3004 381 3069 saeculis
403 3009 477 3087 post
501 3005 622 3067 exitum
644 3002 764 3066 liberae
794 3002 995 3084 reipublicae
1010 3003 1132 3087 fuisset,
1157 3009 1197 3072 do

59 3109 202 3172 maxima
224 3113 319 3190 parte
341 3112 534 3188 temporum,
559 3126 644 3187 quae
668 3103 884 3187 describebat,
914 3107 1068 3170 iudicium
1090 3107 1197 3175 facere

60 3211 115 3274 rix
128 3213 283 3293 potuisse.
320 3209 370 3274 At
384 3213 421 3272 ut
436 3209 582 3273 tabulam
593 3209 649 3290 qui
665 3207 878 3290 contemplari
893 3208 971 3289 vult,
996 3229 1070 3274 eum
1084 3214 1198 3293 procul

57 3314 101 3379 ab
134 3334 173 3378 ea
207 3314 320 3378 abesse
341 3333 473 3376 necesse
495 3316 555 3392 est,
585 3311 719 3393 propius
741 3316 850 3376 autem
872 3309 1040 3375 accedenti
1062 3314 1113 3376 uel
1127 3317 1197 3396 pul·

63 3417 218 3480 cherrimi
240 3416 364 3480 colores
386 3415 500 3479 foedae
522 3416 766 3479 videntur-esse
789 3413 904 3478 sordes
915 3418 948 3477 et
964 3413 1125 3497 confusae,
1149 3419 1197 3484 ita

57 3541 165 3584 rerum
188 3520 380 3601 scriptorem
395 3519 510 3600 procul
524 3518 565 3583 ab
581 3540 620 3582 ea
635 3522 753 3599 aetate,
777 3537 841 3600 qua
854 3515 1000 3596 singulae
1015 3537 1068 3581 res
1083 3526 1196 3601 gestae

59 3627 147 3702 sunt,
172 3621 285 3685 abesse
308 3641 439 3685 necesse
462 3627 522 3703 est,
545 3641 587 3684 ne
609 3622 660 3685 ira
682 3621 733 3685 vel
755 3620 862 3685 studio
886 3623 1000 3700 captus
1023 3642 1099 3686 uera
1122 3645 1195 3690 oum

58 3725 150 3789 falsis
167 3723 344 3788 confundat
358 3743 438 3788 nevo
452 3723 705 3807 pulcherrimum
717 3723 870 3808 quodque
885 3724 1009 3789 facinus
1023 3727 1196 3806 pessimum

58 3829 89 3892 ei
111 3827 263 3890 videatur
287 3847 365 3894 esso.
412 3825 508 3908 Quod
530 3847 602 3890 oum
623 3827 658 3890 in
681 3833 805 3892 ceteros
820 3833 889 3891 tum
904 3828 1042 3892 maxime
1058 3828 1146 3892 cadit
1161 3830 1197 3894 in

60 3932 235 4013 scriptores
272 3949 381 3994 rerum
403 3950 423 3994 a
445 3929 643 3996 Caesaribus
665 3936 838 4014 gestarum,
863 3937 902 3994 ut
925 3951 963 3995 eo
985 3931 1089 3994 maior
1111 3930 1195 3997 fides

56 4035 253 4117 scriptorum
262 4033 382 4118 iudicio
397 4032 547 4100 habenda
556 4055 626 4100 esse
638 4034 795 4116 videatur,
809 4054 872 4119 quo
886 4033 1013 4115 longius
1025 4032 1145 4098 absunt
1153 4036 1195 4098 ab

992 4134 1018 4183 X
