2694 4530
654 229 696 295 39

100 407 233 472 minime
254 403 421 489 putandus
445 408 504 473 est.
549 399 664 485 Quid?
710 395 807 480 Quod
829 401 1025 483 Eutropius,
1056 390 1241 466 22122212-

98 513 145 576 ris
167 510 426 593 imperatoribus
449 528 578 590 semper
616 507 685 573 sere
714 507 844 586 eosdem
876 525 957 587 quos
980 505 1155 570 Suetonius
1182 504 1242 568 tri·

100 615 185 679 buat
207 635 317 693 annos,
341 613 520 692 Vitellium,
551 633 648 694 quem
670 620 744 680 octo
767 616 896 675 tantum
922 629 1047 673 menses
1070 607 1243 672 Suetonius

99 718 187 803 (Vir.
213 721 267 798 15)
291 722 324 781 et
347 716 447 780 ceteri
469 736 577 779 rerum
608 717 786 799 scriptores
817 713 944 779 clarum
974 710 1172 793 reipublicae
1192 713 1240 772 te·

98 821 209 885 nuisse
231 819 378 900 tradunt,
401 819 542 883 occisum
564 818 644 883 facit
666 822 806 902 (7,18,6)
828 815 959 898 imperii
989 834 1099 878 mense
1122 816 1238 877 octavo

100 930 136 988 et
159 925 212 988 die
233 944 308 988 uno.
354 920 450 1004 Quod
472 921 654 1004 Eutropius
675 922 710 985 in
735 920 807 984 loco
823 924 911 983 certe
928 939 945 983 e
960 917 1116 984 Suetonio
1132 916 1240 998 petito

270 1078 363 1126 Eutrop.
390 1075 409 1128 7,
423 1073 462 1128 9,4.
876 1073 937 1114 Suet
949 1073 1016 1120 Vesp.
1029 1071 1048 1113 4.

101 1165 206 1220 deinde
227 1162 256 1215 in
267 1161 446 1218 Britanniam
458 1161 559 1214 missus
577 1161 644 1213 tri·
696 1161 763 1215 inde
798 1161 828 1214 in
863 1158 1042 1214 Britanniam
1084 1155 1238 1211 translatus

101 1251 177 1304 cies
191 1249 291 1303 ethis
305 1267 368 1303 cum
380 1249 461 1301 hoste
474 1247 644 1316 conflixerit,
698 1246 827 1301 tricies
841 1264 905 1300 cum
917 1245 998 1298 hoste
1011 1240 1144 1298 conflixit.
1164 1241 1243 1295 Duas

103 1336 175 1390 duas
193 1335 379 1389 validissimas
404 1336 515 1402 gentes,
542 1333 646 1400 viginti
697 1331 885 1386 validissimas
907 1334 1008 1401 gentes
1035 1345 1176 1398 superque
1198 1326 1242 1381 ri-

103 1421 218 1490 oppide,
236 1421 359 1472 insulam
377 1419 506 1484 Vectem,
527 1418 643 1471 Britan·
698 1417 771 1486 giuti
794 1418 900 1486 oppida
922 1421 951 1470 et
974 1417 1094 1470 insulam
1116 1414 1244 1475 Vectem,

103 1506 168 1558 niae
186 1505 354 1574 proximam,
378 1503 498 1573 imperio
513 1502 644 1558 Romano
698 1503 863 1557 Britanniae
873 1502 1041 1572 proximam,
1050 1502 1080 1554 in
1098 1500 1241 1555 dicionem

103 1590 248 1651 adiecerit.
697 1588 818 1658 redegit.

105 1716 126 1758 a
148 1694 238 1758 fonte
261 1693 396 1777 recedit,
429 1713 503 1757 cum
526 1692 765 1775 Vespasianum
787 1692 896 1756 tricies
920 1698 953 1756 et
975 1691 1025 1757 bis
1049 1713 1121 1755 cum
1149 1692 1244 1756 hoste

105 1795 288 1861 conflixisse
311 1800 432 1878 narret,
456 1794 612 1860 Suetonio
636 1795 744 1860 tricies
767 1799 895 1859 tantum
918 1794 1079 1859 tradente.

57 1960 61 1975 ,
88 1887 89 1890 “
218 1896 312 1980 Quae
336 1899 444 1964 omnia
465 1897 646 1980 Eutropius
668 1918 732 1961 non
761 1903 819 1961 aut·
844 1897 884 1962 de
911 1918 969 1961 suo
994 1905 1053 1964 aut
1076 1919 1114 1962 ex
1137 1897 1245 1961 alieno

57 2028 60 2093 ζ
104 2003 195 2068 fonte
233 1999 396 2081 Suetonio,
427 2021 524 2082 quem
554 1999 768 2081 exscribebat,
798 1990 981 2081 inseruisse,
1018 2000 1074 2065 sed
1111 2001 1177 2064 iam
1210 2001 1246 2064 in

57 2104 69 2167 ².
106 2106 262 2171 Suetonio
285 2124 345 2168 suo
369 2103 535 2185 adscripta
552 2103 712 2168 invenisse
734 2102 897 2186 putandus
913 2109 971 2169 est.
1016 2101 1083 2168 Sed
1112 2103 1246 2186 longum

62 2198 68 2211 ²
94 2214 167 2289 est,
191 2205 299 2271 omnia
320 2205 378 2270 illa
399 2205 687 2288 additamenta³⁶)
703 2207 747 2292 (8,
771 2208 864 2286 33³⁵)
881 2212 911 2287 9,
933 2207 1098 2292 4310‚³⁵)
1121 2214 1147 2282 1,
1163 2209 1245 2291 2,.3;

57 2370 61 2387 ,
110 2314 159 2392 11,
176 2314 213 2395 2,
233 2314 281 2390 13,
300 2311 327 2390 1,
342 2316 370 2390 2,
387 2314 422 2386 2,
441 2312 489 2390 15,
507 2315 535 2390 1,
553 2315 588 2389 2;
608 2313 698 2394 12,2;
719 2315 807 2393 19,1;
825 2310 972 2391 20‚a;³⁵)
989 2314 1041 2386 22,
1062 2317 1127 2392 1,2;
1143 2314 1243 2393 nae.)

107 2433 297 2477 enumerare
321 2417 354 2476 et
377 2410 591 2496 superfluum3
629 2432 705 2477 nam
734 2412 919 2496 quicunque
950 2431 989 2476 22
1021 2412 1245 2496 perlustrabit,

71 2542 75 2549 ·
108 2538 173 2581 non
196 2515 370 2597 dubitabit,
406 2514 482 2596 quin
513 2514 589 2578 illae
611 2515 793 2580 levissimae
823 2521 856 2580 et
887 2514 988 2580 exiles
1021 2537 1072 2580 res
1105 2538 1170 2580 uon
1207 2536 1247 2580 ex

110 2621 215 2684 altero
237 2617 327 2682 fonte
355 2616 396 2681 ab
429 2616 590 2698 Eutropio
618 2617 768 2682 adiectae
801 2618 857 2682 sed
889 2640 953 2683 non
977 2619 1041 2684 nisi
1063 2640 1136 2684 cum
1168 2622 1246 2684 Sue·

106 2723 198 2787 tenio
222 2722 415 2785 coniunctae
438 2719 480 2783 ab
502 2718 662 2802 Eutropio
686 2721 866 2811 exscriptae
889 2722 1024 2810 212231)

180 2924 225 2992 ³⁵)
243 2922 315 2976 haec
334 2923 421 2977 etiam
439 2925 469 2978 iu
486 2925 625 2995 Epitoma
643 2927 771 2981 redeunt.

181 3025 226 3092 36)
244 3024 332 3080 Errat
344 3025 506 3095 Droysenus
525 3029 555 3081 in
569 3028 800 3085 adnotationibus
820 3029 859 3101 (in
872 3029 1005 3099 Eutropii
1018 3031 1164 3100 editione),
1183 3048 1248 3085 cum

108 3113 191 3179 putet
209 3113 299 3164 verba
318 3112 446 3177 „obsides
472 3143 507 3152 -
533 3113 689 3168 dederunt“
708 3117 774 3186 (ue)
794 3118 965 3170 2112222222
984 3135 1000 3171 2
1019 3119 1163 3187 Suetoni0,
1182 3138 1248 3175 cum

109 3196 188 3265 apud
205 3195 287 3249 illum
306 3198 390 3266 (Aug.
409 3197 455 3266 21)
479 3199 624 3252 simillima
648 3204 758 3268 extent;
783 3207 883 3256 contra
910 3220 974 3257 eum
992 3203 1075 3274 fugit,
1094 3205 1169 3274 quod
1186 3225 1247 3260 mu·

108 3299 179 3337 nera
198 3281 234 3350 (7,
258 3282 341 3350 10,1),
360 3299 433 3350 quae
446 3284 565 3352 Scythas
579 3285 685 3340 misisse
697 3291 727 3340 et
739 3305 871 3341 numerus
884 3305 1032 3355 annorum,
1051 3308 1135 3358 quem
1148 3291 1248 3346 Titum

111 3384 244 3437 regnasse
262 3367 417 3438 Eutropius
436 3371 473 3439 (7,
486 3371 527 3437 22,
546 3373 573 3439 2)
590 3373 660 3437 vult,
679 3372 771 3426 aliena
783 3378 877 3427 sunta
891 3374 1036 3430 Suetonio.
1074 3376 1156 3443 Quod
1169 3379 1248 3432 deni·

111 3471 164 3522 que
183 3454 220 3507 ad
239 3471 300 3522 cap.
320 3455 380 3525 20,1
399 3457 434 3509 de
452 3457 545 3510 verbis
564 3457 786 3526 „placidissimae
805 3490 838 3498 -
851 3465 988 3528 poenam“
1007 3461 1114 3531 scribit,
1134 3463 1170 3516 ad
1190 3464 1246 3527 19,1

109 3540 242 3607 pertinet.

181 3644 225 3710 ³⁷)
245 3641 437 3699 Mommsenus
456 3645 535 3714 (vide
548 3645 689 3714 Droyseni
702 3648 911 3718 adnotationes)
931 3650 1059 3718 coniecit,
1077 3651 1248 3720 Eutropium

110 3731 301 3793 monumenta,
321 3747 392 3797 quae
411 3747 428 3784 2
446 3730 560 3786 Nerone
578 3737 607 3786 et
625 3732 791 3790 Domitiano
816 3736 967 3789 aedificata
991 3753 1051 3791 esse
1078 3738 1183 3806 prodit,
1212 3754 1248 3790 ex

111 3813 246 3868 chronico
264 3815 372 3868 urbano
392 3817 589 3886 exscripsisse3
609 3819 684 3885 quod
702 3822 771 3875 mihi
790 3823 904 3890 quidem
918 3841 974 3877 nou
986 3826 1131 3893 probatur.
1159 3821 1248 3875 Ther·

113 3898 264 3954 musenim
284 3916 301 3951 a
319 3899 433 3955 Nerone
453 3905 611 3956 exstructas
624 3906 704 3973 (7,15,
715 3906 742 3975 2)
761 3908 784 3959 21
803 3924 838 3960 ex
857 3908 990 3963 chronico
1010 3911 1050 3978 (p.
1070 3907 1129 3974 647)
1148 3907 1248 3960 hause-

94 3985 158 4050 ·rit,
186 3985 234 4053 qui
253 4001 356 4053 quaeso
384 3987 560 4054 factumest,
586 3997 619 4044 ut
643 4009 707 4044 cum
725 3991 892 4062 Lampridio
912 3995 974 4063 (vit.
992 3994 1075 4048 Alex.
1094 3994 1138 4060 212)
1158 3994 1267 4047 1221124

113 4069 197 4124 etiam
216 4069 306 4140 magis
319 4072 502 4128 concineret?
525 4075 618 4143 (Eutr.
632 4076 794 4133 aedificavit
805 4079 915 4134 Romae
928 4078 1073 4146 Thermas,
1093 4096 1164 4148 quae
1179 4082 1248 4133 ante

1144 4201 1178 4251 3*
