2684 4500
713 207 754 268 66

159 394 376 477 deprehendi,
413 414 513 457 unum
545 392 645 457 liceat
681 390 843 473 proferre,
882 390 970 473 apud
1004 410 1101 472 quem
1135 391 1304 472 apertiora

163 502 337 580 apparent,
370 493 589 560 Scholiastam
611 493 699 575 dico,
730 493 785 576 qui
807 493 972 558 Iuvenalis
994 491 1121 558 Satires
1142 499 1303 575 interpre-

157 607 253 666 tatus
281 604 341 665 est.
385 598 449 663 Ille
480 599 567 662 enirn
598 603 687 662 certe
710 597 901 664 Suetonium
932 619 996 663 non
1025 596 1128 662 solum
1159 597 1305 680 quinque

161 703 227 768 illis
249 703 338 782 locis,
362 694 420 766 ubi
437 721 511 765 eum
525 700 649 781 laudat,
673 701 729 766 sed
746 701 849 766 multo
865 700 994 783 saepius
1010 699 1043 763 in
1058 721 1151 764 usum
1165 701 1303 764 vocavit.

163 803 230 888 Qui
254 802 383 886 quidem
406 802 599 868 scholiorum
620 803 712 886 illud,
737 803 826 886 quod
847 802 891 867 ad
912 823 1040 867 versum
1063 806 1102 866 91
1124 803 1246 866 satirae
1263 804 1305 867 14

162 910 307 990 itemque
329 906 410 970 illud
433 905 521 988 quod
544 905 586 971 ad
611 909 705 987 1,155
729 906 887 988 pertinet,
911 926 983 969 cum
1005 902 1098 971 Suet.
1122 902 1238 969 Claud.
1262 910 1304 968 28

167 1011 266 1093 prius,
290 1008 428 1073 alterum
461 1029 534 1072 cum
564 1005 656 1074 Suet.
689 1005 800 1073 Galba
823 1012 861 1072 15
894 1008 1145 1091 comparaverit,
1169 1005 1304 1087 videbit,

164 1111 264 1176 verba
279 1110 429 1178 Suetonii
443 1111 528 1176 male
545 1110 675 1197 quidem
690 1110 869 1194 intellecta,
884 1116 933 1175 ita
952 1116 1061 1175 tamen
1075 1108 1206 1174 reddita
1221 1129 1304 1191 esse,

164 1221 203 1278 ut
225 1234 328 1297 paene
352 1212 477 1277 nullum
498 1214 634 1279 verbum
658 1215 812 1278 omissum
834 1213 887 1278 sit.
925 1210 991 1277 Sed
1013 1213 1224 1278 scholiastam
1238 1232 1304 1276 non

160 1314 324 1381 Suetonio
346 1317 417 1399 ipso
440 1315 497 1381 sed
518 1323 614 1381 aucto
631 1337 725 1380 usum
740 1337 819 1398 esse,
843 1336 883 1380 ex
898 1315 1020 1380 duobus
1033 1317 1083 1396 56)
1098 1316 1305 1399 potissimum

162 1419 251 1501 locis,
262 1439 457 1505 quamquam
468 1439 544 1483 non
559 1419 666 1484 satis
681 1440 745 1484 cer
756 1424 796 1484 to
815 1418 1071 1483 concludendum
1081 1418 1210 1484 videtur
1221 1438 1302 1490 esse.

164 1522 311 1586 Primum
333 1522 418 1586 enim
441 1520 643 1587 Scholiastas
666 1522 709 1586 ad
738 1541 849 1586 vocem
871 1521 1073 1605 Caprearum
1095 1520 1218 1607 (lost)
1241 1520 1299 1585 hoc

165 1624 318 1689 adnotat:
344 1622 512 1705 „Tiberius
534 1623 625 1690 Nero
647 1644 807 1690 secessum
829 1644 901 1688 cum
924 1625 1081 1707 elegerat,
1105 1623 1145 1688 de
1168 1644 1233 1705 qua
1254 1623 1303 1686 in·

163 1727 234 1792 sula
256 1726 427 1810 Augustus
450 1721 677 1813 ἀπρογόπολιν
698 1725 795 1808 dixit,
826 1725 913 1812 quod
941 1725 989 1792 ibi
1011 1732 1097 1791 esset
1119 1726 1180 1790 otii
1201 1725 1303 1805 locus,

156 1835 200 1893 ut
217 1830 266 1893 ait
296 1827 505 1895 Suetonius“.
550 1828 724 1895 Suetonius
756 1835 867 1895 autem
889 1830 991 1914 (Aug.
1022 1833 1098 1910 98),
1131 1849 1230 1911 quem
1260 1828 1304 1892 ad

163 1933 271 1997 locum
292 1931 354 1996 hoc
375 1937 512 2015 spectat,
535 1930 616 1994 nihil
638 1930 829 1998 denomino
851 1931 893 1998 ab
905 1930 1058 2014 Augusto
1080 1931 1207 1996 insulae
1223 1931 1303 1995 dato

159 2035 268 2099 ⁴tradit
290 2041 324 2100 et
346 2035 443 2099 ne‘id
469 2031 600 2121 quidem
632 2032 785 2099 credibile
816 2040 881 2116 est,
911 2034 1104 2099 Suetonium
1131 2032 1304 2098 laudatum

158 2157 242 2218 esse,
264 2143 301 2202 ut
322 2137 369 2202 ibi
392 2138 451 2202 otii
473 2137 576 2201 locum
599 2155 668 2200 esse
698 2135 984 2217 demonstraretur,
1007 2157 1081 2200 cum
1107 2137 1303 2220 praesertim

156 2240 294 2305 >verbum
317 2244 442 2322 „esset“
464 2240 526 2304 hoc
549 2239 637 2303 credi
652 2243 748 2306 vetet.
786 2236 904 2325 Itaque
919 2238 996 2303 hinc
1011 2238 1176 2320 evincitur,
1200 2237 1303 2304 Scho-

162 2343 294 2406 hastam
316 2363 380 2406 non
403 2341 558 2408 Suetonio
581 2343 649 2423 ipso
672 2340 729 2405 sed
751 2345 848 2406 aucto
878 2362 974 2405 usum
996 2361 1077 2410 esse.
1120 2339 1221 2406 Cuius
1252 2343 1304 2408 rei

152 2445 369 2527 ,gravissimus
401 2444 497 2509 testis
527 2443 685 2509 scholium
716 2443 798 2508 illud
830 2442 974 2525 videtur,
1008 2443 1097 2530 quod
1130 2444 1172 2509 ad
1205 2449 1302 2526 a,147

161 2548 313 2628 pertinet.
350 2547 464 2617 Verba
487 2547 571 2612 enim
593 2546 679 2611 illins
702 2546 817 2612 scholii
831 2547 913 2620 mire
928 2568 1002 2612 oum
1017 2547 1179 2630 Eutropio
1196 2549 1302 2634 (7,14)

157 2650 376 2718 consentiunt.

330 2820 471 2862 Scholion
484 2819 545 2873 2,147.
952 2821 1047 2870 Eutrop.
1062 2819 1110 2873 7,]4.

197 2905 264 2941 nam
283 2888 387 2956 etipse
405 2889 541 2958 pugnavit
559 2888 586 2942 in
599 2888 708 2957 gladia·
793 2891 871 2941 utet
889 2887 1006 2942 saltaret
1024 2892 1053 2942 et
1077 2893 1242 2943 cantaret
1264 2891 1304 2944 in

150 2975 251 3025 torem
281 2977 309 3026 et
344 2973 509 3027 cantavit
543 2973 579 3027 in
608 2987 708 3026 scena
760 2991 865 3028 scena
888 2973 1139 3030 citharoedico
1166 2974 1302 3031 habitu

159 3056 286 3110 habitu
316 3058 525 3112 citharoedi
552 3062 581 3112 et
609 3057 708 3126 auriga

155 3144 223 3198 vfuit.

216 3297 260 3364 ⁵⁸)
279 3294 322 3351 Ne
339 3295 393 3350 hoc
412 3296 525 3364 quidem
537 3297 623 3366 plane
632 3297 820 3352 omittendum
832 3298 1021 3352 videturesse.
1041 3297 1076 3351 In
1089 3297 1203 3353 Scholio
1224 3300 1303 3353 enim

162 3380 200 3432 ad
220 3379 280 3446 299
298 3380 352 3435 hoc
370 3381 492 3449 legitur:
513 3380 629 3451 ,Occiso
647 3368 741 3436 Galba
752 3383 923 3451 imperatore
941 3381 1016 3436 Otho
1028 3381 1133 3436 invasit
1141 3383 1304 3453 imperium,

151 3464 210 3530 -qui
227 3467 287 3516 tam
307 3465 465 3533 probrosae
484 3466 560 3519 vitae
577 3467 608 3520 in
625 3468 758 3536 polienda
776 3467 868 3521 forma
886 3467 950 3535 fuit,
968 3471 999 3520 ut
1016 3469 1192 3522 humecto
1211 3487 1302 3537 pane

159 3549 173 3602 f
181 3549 296 3602 aciem
314 3551 454 3605 lineret
483 3553 520 3605 ad
538 3552 748 3606 sollicitandum
767 3554 937 3620 candorem,
961 3552 1093 3607 vitabatur
1111 3559 1139 3607 et
1157 3556 1301 3623 speculo.“

159 3633 233 3687 Nam
250 3652 308 3688 non
334 3637 427 3690 solum
457 3637 532 3692 Otho
558 3639 724 3708 „imperium
741 3636 889 3692 invasisse“
917 3635 1030 3704 dicitur,
1066 3638 1097 3691 id
1118 3641 1303 3707 quodetiam

154 3722 191 3800 ¹iu
208 3720 281 3775 libro
300 3723 335 3775 de
355 3723 521 3776 Caesaribus
540 3723 610 3793 (7,1)
630 3728 659 3778 et
676 3725 752 3793 apud
770 3722 939 3790 Eutropium
963 3722 1037 3790 (mv
1066 3725 1130 3778 vide
1154 3724 1218 3778 adn.
1237 3727 1298 3794 49.)

151 3807 406 3876 deprehendimus,
434 3809 483 3862 sed
502 3810 589 3863 etiem
608 3810 684 3878 apud
702 3809 879 3876 Suetonium,
896 3808 971 3862 unde
989 3807 1044 3863 hoc
1062 3825 1190 3865 manasse
1217 3812 1298 3866 vide·

149 3896 208 3945 vtur
226 3893 318 3961 (Suet.
338 3893 404 3948 Oth.
424 3894 464 3946 12.
483 3893 550 3961 quin
579 3899 608 3948 et
631 3895 733 3949 faciem
759 3894 864 3949 cotidie
885 3895 1004 3949 rasitare
1034 3912 1067 3949 ac
1093 3912 1189 3964 pane
1227 3913 1300 3950 ma-

150 3977 250 4033 dido
268 3980 395 4033 linere
414 3982 589 4049 consuetum)
607 3980 680 4034 nihil
698 3980 733 4034 de
759 3980 873 4050 speculo
891 3980 1059 4048 invenimus,
1077 3979 1117 4035 ita
1135 3979 1301 4035 utfortasse

153 4065 249 4118 etiam
274 4064 329 4119 hoc
347 4065 505 4119 sententiae
522 4070 636 4121 nostrae
654 4065 756 4121 faveat.
