<?xml version="1.0" encoding="UTF-8"?>
<!DOCTYPE html PUBLIC "-//W3C//DTD XHTML 1.0 Transitional//EN"
    "http://www.w3.org/TR/xhtml1/DTD/xhtml1-transitional.dtd">
<html xmlns="http://www.w3.org/1999/xhtml" xml:lang="en" lang="en">
 <head>
  <title>
</title>
<meta http-equiv="Content-Type" content="text/html;charset=utf-8" />
  <meta name='ocr-system' content='tesseract 3.04.00' />
  <meta name='ocr-capabilities' content='ocr_page ocr_carea ocr_par ocr_line ocrx_word'/>
</head>
<body>
  <div class='ocr_page' id='page_1' title='image "./quibusexfontibu00cohngoog_0028.png"; bbox 0 0 2684 4500; ppageno 0'>
   <div class='ocr_carea' id='block_1_1' title="bbox 607 215 648 275">
    <p class='ocr_par' dir='ltr' id='par_1_1' title="bbox 607 215 648 275">
     <span class='ocr_line' id='line_1_1' title="bbox 607 215 648 275; baseline -0.024 0"><span class='ocrx_word' id='word_1_1' title='bbox 607 215 648 275; x_wconf 83' lang='lat'>23</span> 
     </span>
    </p>
   </div>
   <div class='ocr_carea' id='block_1_2' title="bbox 56 376 1294 779">
    <p class='ocr_par' dir='ltr' id='par_1_2' title="bbox 56 376 1294 779">
     <span class='ocr_line' id='line_1_2' title="bbox 56 376 1294 467; baseline 0.006 -21"><span class='ocrx_word' id='word_1_2' title='bbox 56 381 148 463; x_wconf 90' lang='lat' dir='ltr'>ponii</span> <span class='ocrx_word' id='word_1_3' title='bbox 159 385 250 447; x_wconf 83' lang='lat' dir='ltr'>Bassi</span> <span class='ocrx_word' id='word_1_4' title='bbox 263 401 378 446; x_wconf 82' lang='lat' dir='ltr'>nornen</span> <span class='ocrx_word' id='word_1_5' title='bbox 391 382 574 464; x_wconf 85' lang='lat' dir='ltr'>sumpsisse,</span> <span class='ocrx_word' id='word_1_6' title='bbox 582 384 668 464; x_wconf 92' lang='lat' dir='ltr'>quod</span> <span class='ocrx_word' id='word_1_7' title='bbox 681 406 784 467; x_wconf 91' lang='lat' dir='ltr'>neque</span> <span class='ocrx_word' id='word_1_8' title='bbox 796 384 1028 451; x_wconf 89' lang='lat' dir='ltr'>inCaesaribus</span> <span class='ocrx_word' id='word_1_9' title='bbox 1040 387 1198 453; x_wconf 87' lang='lat' dir='ltr'>invenerit</span> <span class='ocrx_word' id='word_1_10' title='bbox 1290 376 1294 384; x_wconf 42' lang='lat'>⁵</span> 
     </span>
     <span class='ocr_line' id='line_1_3' title="bbox 56 485 1198 575; baseline 0.005 -27"><span class='ocrx_word' id='word_1_11' title='bbox 56 505 164 568; x_wconf 86' lang='lat' dir='ltr'>neque</span> <span class='ocrx_word' id='word_1_12' title='bbox 187 485 317 550; x_wconf 86' lang='lat' dir='ltr'>finxisse</span> <span class='ocrx_word' id='word_1_13' title='bbox 347 487 514 568; x_wconf 84' lang='lat' dir='ltr'>putandus</span> <span class='ocrx_word' id='word_1_14' title='bbox 538 488 590 552; x_wconf 89' lang='lat' dir='ltr'>sit.</span> <span class='ocrx_word' id='word_1_15' title='bbox 625 486 746 570; x_wconf 83' lang='lat' dir='ltr'>Itaque</span> <span class='ocrx_word' id='word_1_16' title='bbox 761 496 933 575; x_wconf 88' lang='lat' dir='ltr'>utrumque</span> <span class='ocrx_word' id='word_1_17' title='bbox 949 491 1142 573; x_wconf 85' lang='lat' dir='ltr'>scriptorem</span> <span class='ocrx_word' id='word_1_18' title='bbox 1158 512 1198 554; x_wconf 88' lang='lat' dir='ltr'>ex</span> 
     </span>
     <span class='ocr_line' id='line_1_4' title="bbox 58 589 1199 673; baseline 0.004 -21"><span class='ocrx_word' id='word_1_19' title='bbox 58 589 176 653; x_wconf 86' lang='lat' dir='ltr'>eodem</span> <span class='ocrx_word' id='word_1_20' title='bbox 199 589 289 654; x_wconf 79' lang='lat' dir='ltr'>fonto</span> <span class='ocrx_word' id='word_1_21' title='bbox 312 612 372 654; x_wconf 91' lang='lat' dir='ltr'>sua</span> <span class='ocrx_word' id='word_1_22' title='bbox 394 591 540 655; x_wconf 83' lang='lat' dir='ltr'>hausisse</span> <span class='ocrx_word' id='word_1_23' title='bbox 562 592 772 673; x_wconf 90' lang='lat' dir='ltr'>perspicuum</span> <span class='ocrx_word' id='word_1_24' title='bbox 789 599 847 657; x_wconf 90' lang='lat' dir='ltr'>est.</span> <span class='ocrx_word' id='word_1_25' title='bbox 893 595 982 658; x_wconf 87' lang='lat' dir='ltr'>Fons</span> <span class='ocrx_word' id='word_1_26' title='bbox 997 600 1108 657; x_wconf 90' lang='lat' dir='ltr'>autem</span> <span class='ocrx_word' id='word_1_27' title='bbox 1122 594 1199 659; x_wconf 86' lang='lat' dir='ltr'>libri</span> 
     </span>
     <span class='ocr_line' id='line_1_5' title="bbox 56 689 1198 779; baseline 0.005 -24"><span class='ocrx_word' id='word_1_28' title='bbox 56 691 98 756; x_wconf 92' lang='lat' dir='ltr'>de</span> <span class='ocrx_word' id='word_1_29' title='bbox 122 689 316 756; x_wconf 84' lang='lat' dir='ltr'>Caesaribus</span> <span class='ocrx_word' id='word_1_30' title='bbox 344 692 526 757; x_wconf 83' lang='lat' dir='ltr'>Woelfflini</span> <span class='ocrx_word' id='word_1_31' title='bbox 557 693 675 758; x_wconf 88' lang='lat' dir='ltr'>iudicio</span> <span class='ocrx_word' id='word_1_32' title='bbox 698 695 855 760; x_wconf 81' lang='lat' dir='ltr'>Aurelius</span> <span class='ocrx_word' id='word_1_33' title='bbox 886 697 1003 762; x_wconf 90' lang='lat' dir='ltr'>Victor</span> <span class='ocrx_word' id='word_1_34' title='bbox 1038 696 1109 776; x_wconf 87' lang='lat' dir='ltr'>fuit,</span> <span class='ocrx_word' id='word_1_35' title='bbox 1141 698 1198 779; x_wconf 82' lang='lat' dir='ltr'>sed</span> 
     </span>
    </p>
   </div>
   <div class='ocr_carea' id='block_1_3' title="bbox 54 795 1205 2016">
    <p class='ocr_par' dir='ltr' id='par_1_3' title="bbox 54 795 1205 1705">
     <span class='ocr_line' id='line_1_6' title="bbox 56 795 1198 886; baseline 0.006 -28"><span class='ocrx_word' id='word_1_36' title='bbox 56 815 98 858; x_wconf 84' lang='lat' dir='ltr'>ex</span> <span class='ocrx_word' id='word_1_37' title='bbox 134 814 172 859; x_wconf 88' lang='lat' dir='ltr'>eo</span> <span class='ocrx_word' id='word_1_38' title='bbox 209 795 473 879; x_wconf 80' lang='lat' dir='ltr'>Epitomatcrem</span> <span class='ocrx_word' id='word_1_39' title='bbox 506 797 648 878; x_wconf 86' lang='lat' dir='ltr'>pendere</span> <span class='ocrx_word' id='word_1_40' title='bbox 693 799 851 863; x_wconf 81' lang='lat' dir='ltr'>credibile</span> <span class='ocrx_word' id='word_1_41' title='bbox 891 821 956 864; x_wconf 93' lang='lat' dir='ltr'>non</span> <span class='ocrx_word' id='word_1_42' title='bbox 1001 807 1059 880; x_wconf 90' lang='lat' dir='ltr'>est,</span> <span class='ocrx_word' id='word_1_43' title='bbox 1100 821 1198 886; x_wconf 90' lang='lat' dir='ltr'>prop·</span> 
     </span>
     <span class='ocr_line' id='line_1_7' title="bbox 54 899 1197 986; baseline 0.005 -26"><span class='ocrx_word' id='word_1_44' title='bbox 54 905 150 961; x_wconf 86' lang='lat' dir='ltr'>terea</span> <span class='ocrx_word' id='word_1_45' title='bbox 172 899 258 980; x_wconf 89' lang='lat' dir='ltr'>quod</span> <span class='ocrx_word' id='word_1_46' title='bbox 280 899 426 982; x_wconf 79' lang='lat' dir='ltr'>intellegi</span> <span class='ocrx_word' id='word_1_47' title='bbox 448 921 513 964; x_wconf 89' lang='lat' dir='ltr'>non</span> <span class='ocrx_word' id='word_1_48' title='bbox 534 905 653 982; x_wconf 89' lang='lat' dir='ltr'>potest,</span> <span class='ocrx_word' id='word_1_49' title='bbox 679 922 735 965; x_wconf 87' lang='lat' dir='ltr'>cur</span> <span class='ocrx_word' id='word_1_50' title='bbox 755 902 870 966; x_wconf 88' lang='lat' dir='ltr'>ecdem</span> <span class='ocrx_word' id='word_1_51' title='bbox 893 904 1063 986; x_wconf 79' lang='lat' dir='ltr'>scriptore,</span> <span class='ocrx_word' id='word_1_52' title='bbox 1101 925 1197 986; x_wconf 89' lang='lat' dir='ltr'>quem</span> 
     </span>
     <span class='ocr_line' id='line_1_8' title="bbox 56 1002 1197 1087; baseline 0.004 -23"><span class='ocrx_word' id='word_1_53' title='bbox 56 1002 149 1083; x_wconf 91' lang='lat' dir='ltr'>prius</span> <span class='ocrx_word' id='word_1_54' title='bbox 184 1002 382 1067; x_wconf 80' lang='lat' dir='ltr'>adverbum</span> <span class='ocrx_word' id='word_1_55' title='bbox 405 1005 622 1087; x_wconf 80' lang='lat' dir='ltr'>exscripserit,</span> <span class='ocrx_word' id='word_1_56' title='bbox 649 1026 720 1068; x_wconf 92' lang='lat' dir='ltr'>cum</span> <span class='ocrx_word' id='word_1_57' title='bbox 743 1005 863 1069; x_wconf 88' lang='lat' dir='ltr'>ilerum</span> <span class='ocrx_word' id='word_1_58' title='bbox 885 1006 918 1069; x_wconf 93' lang='lat' dir='ltr'>in</span> <span class='ocrx_word' id='word_1_59' title='bbox 940 1027 1034 1070; x_wconf 92' lang='lat' dir='ltr'>usum</span> <span class='ocrx_word' id='word_1_60' title='bbox 1057 1012 1197 1087; x_wconf 84' lang='lat' dir='ltr'>vocaret,</span> 
     </span>
     <span class='ocr_line' id='line_1_9' title="bbox 55 1105 1198 1190; baseline 0.001 -19"><span class='ocrx_word' id='word_1_61' title='bbox 55 1126 191 1186; x_wconf 89' lang='lat' dir='ltr'>prorsus</span> <span class='ocrx_word' id='word_1_62' title='bbox 215 1106 282 1170; x_wconf 89' lang='lat' dir='ltr'>alio</span> <span class='ocrx_word' id='word_1_63' title='bbox 304 1105 400 1170; x_wconf 88' lang='lat' dir='ltr'>modo</span> <span class='ocrx_word' id='word_1_64' title='bbox 423 1112 521 1189; x_wconf 83' lang='lat' dir='ltr'>atque</span> <span class='ocrx_word' id='word_1_65' title='bbox 544 1114 643 1172; x_wconf 89' lang='lat' dir='ltr'>antea</span> <span class='ocrx_word' id='word_1_66' title='bbox 665 1129 746 1172; x_wconf 91' lang='lat' dir='ltr'>usus</span> <span class='ocrx_word' id='word_1_67' title='bbox 769 1110 820 1174; x_wconf 88' lang='lat' dir='ltr'>sit.</span> <span class='ocrx_word' id='word_1_68' title='bbox 843 1145 887 1155; x_wconf 88' lang='lat'>—</span> <span class='ocrx_word' id='word_1_69' title='bbox 910 1106 1015 1190; x_wconf 78' lang='lat' dir='ltr'>Quam</span> <span class='ocrx_word' id='word_1_70' title='bbox 1038 1109 1198 1172; x_wconf 87' lang='lat' dir='ltr'>rationem</span> 
     </span>
     <span class='ocr_line' id='line_1_10' title="bbox 55 1209 1198 1293; baseline 0.002 -21"><span class='ocrx_word' id='word_1_71' title='bbox 55 1209 294 1290; x_wconf 84' lang='lat' dir='ltr'>neglegendam</span> <span class='ocrx_word' id='word_1_72' title='bbox 329 1230 397 1274; x_wconf 89' lang='lat' dir='ltr'>esse</span> <span class='ocrx_word' id='word_1_73' title='bbox 432 1231 496 1273; x_wconf 90' lang='lat' dir='ltr'>non</span> <span class='ocrx_word' id='word_1_74' title='bbox 531 1211 652 1293; x_wconf 87' lang='lat' dir='ltr'>putavi,</span> <span class='ocrx_word' id='word_1_75' title='bbox 689 1211 834 1293; x_wconf 86' lang='lat' dir='ltr'>quamvis</span> <span class='ocrx_word' id='word_1_76' title='bbox 857 1213 1011 1276; x_wconf 87' lang='lat' dir='ltr'>leviorem</span> <span class='ocrx_word' id='word_1_77' title='bbox 1034 1233 1105 1275; x_wconf 90' lang='lat' dir='ltr'>eam</span> <span class='ocrx_word' id='word_1_78' title='bbox 1128 1231 1198 1274; x_wconf 87' lang='lat' dir='ltr'>esse</span> 
     </span>
     <span class='ocr_line' id='line_1_11' title="bbox 56 1312 1198 1397; baseline 0.002 -23"><span class='ocrx_word' id='word_1_79' title='bbox 56 1333 122 1375; x_wconf 92' lang='lat' dir='ltr'>non</span> <span class='ocrx_word' id='word_1_80' title='bbox 146 1312 307 1397; x_wconf 84' lang='lat' dir='ltr'>ignorem;</span> <span class='ocrx_word' id='word_1_81' title='bbox 341 1334 416 1376; x_wconf 88' lang='lat' dir='ltr'>nam</span> <span class='ocrx_word' id='word_1_82' title='bbox 439 1312 633 1377; x_wconf 87' lang='lat' dir='ltr'>Woelfflino</span> <span class='ocrx_word' id='word_1_83' title='bbox 656 1320 803 1378; x_wconf 84' lang='lat' dir='ltr'>statuere</span> <span class='ocrx_word' id='word_1_84' title='bbox 825 1316 913 1395; x_wconf 90' lang='lat' dir='ltr'>licet,</span> <span class='ocrx_word' id='word_1_85' title='bbox 937 1314 1198 1396; x_wconf 85' lang='lat' dir='ltr'>Epitomatorem</span> 
     </span>
     <span class='ocr_line' id='line_1_12' title="bbox 55 1415 1205 1498; baseline 0.002 -19"><span class='ocrx_word' id='word_1_86' title='bbox 55 1416 92 1479; x_wconf 89' lang='lat' dir='ltr'>in</span> <span class='ocrx_word' id='word_1_87' title='bbox 116 1416 279 1498; x_wconf 83' lang='lat' dir='ltr'>capitibus</span> <span class='ocrx_word' id='word_1_88' title='bbox 302 1416 538 1498; x_wconf 87' lang='lat' dir='ltr'>posterioribus</span> <span class='ocrx_word' id='word_1_89' title='bbox 561 1437 669 1498; x_wconf 90' lang='lat' dir='ltr'>neque</span> <span class='ocrx_word' id='word_1_90' title='bbox 695 1438 734 1481; x_wconf 87' lang='lat' dir='ltr'>ex</span> <span class='ocrx_word' id='word_1_91' title='bbox 756 1417 841 1482; x_wconf 91' lang='lat' dir='ltr'>libro</span> <span class='ocrx_word' id='word_1_92' title='bbox 864 1417 903 1481; x_wconf 90' lang='lat' dir='ltr'>de</span> <span class='ocrx_word' id='word_1_93' title='bbox 926 1415 1121 1481; x_wconf 82' lang='lat' dir='ltr'>Caesaribus</span> <span class='ocrx_word' id='word_1_94' title='bbox 1143 1438 1205 1495; x_wconf 86' lang='lat' dir='ltr'>ne-¹</span> 
     </span>
     <span class='ocr_line' id='line_1_13' title="bbox 56 1519 1197 1602; baseline 0.001 -20"><span class='ocrx_word' id='word_1_95' title='bbox 56 1539 121 1601; x_wconf 89' lang='lat' dir='ltr'>que</span> <span class='ocrx_word' id='word_1_96' title='bbox 145 1539 185 1583; x_wconf 84' lang='lat' dir='ltr'>ex</span> <span class='ocrx_word' id='word_1_97' title='bbox 206 1519 345 1584; x_wconf 88' lang='lat' dir='ltr'>Aurelio</span> <span class='ocrx_word' id='word_1_98' title='bbox 369 1519 507 1587; x_wconf 84' lang='lat' dir='ltr'>Victore</span> <span class='ocrx_word' id='word_1_99' title='bbox 529 1519 683 1602; x_wconf 89' lang='lat' dir='ltr'>pendere,</span> <span class='ocrx_word' id='word_1_100' title='bbox 720 1521 778 1585; x_wconf 89' lang='lat' dir='ltr'>sed</span> <span class='ocrx_word' id='word_1_101' title='bbox 804 1519 940 1585; x_wconf 88' lang='lat' dir='ltr'>eundem</span> <span class='ocrx_word' id='word_1_102' title='bbox 962 1531 1059 1602; x_wconf 85' lang='lat' dir='ltr'>atque</span> <span class='ocrx_word' id='word_1_103' title='bbox 1083 1519 1197 1587; x_wconf 87' lang='lat' dir='ltr'>Victo·</span> 
     </span>
     <span class='ocr_line' id='line_1_14' title="bbox 54 1610 648 1705; baseline 0.002 -20"><span class='ocrx_word' id='word_1_104' title='bbox 54 1643 127 1686; x_wconf 88' lang='lat' dir='ltr'>rem</span> <span class='ocrx_word' id='word_1_105' title='bbox 150 1621 273 1686; x_wconf 85' lang='lat' dir='ltr'>fontem</span> <span class='ocrx_word' id='word_1_106' title='bbox 295 1623 509 1705; x_wconf 83' lang='lat' dir='ltr'>usurpavisse.</span> <span class='ocrx_word' id='word_1_107' title='bbox 646 1610 648 1616; x_wconf 39' lang='lat'><strong>¹</strong></span> 
     </span>
    </p>

    <p class='ocr_par' dir='ltr' id='par_1_4' title="bbox 55 1724 1199 2016">
     <span class='ocr_line' id='line_1_15' title="bbox 148 1724 1198 1811; baseline -0.002 -20"><span class='ocrx_word' id='word_1_108' title='bbox 148 1724 213 1791; x_wconf 85' lang='lat' dir='ltr'>Sed</span> <span class='ocrx_word' id='word_1_109' title='bbox 250 1727 330 1808; x_wconf 91' lang='lat' dir='ltr'>qnid</span> <span class='ocrx_word' id='word_1_110' title='bbox 368 1748 427 1811; x_wconf 86' lang='lat' dir='ltr'>ego</span> <span class='ocrx_word' id='word_1_111' title='bbox 464 1728 545 1791; x_wconf 90' lang='lat' dir='ltr'>haec</span> <span class='ocrx_word' id='word_1_112' title='bbox 567 1732 776 1809; x_wconf 84' lang='lat' dir='ltr'>argumentor</span> <span class='ocrx_word' id='word_1_113' title='bbox 798 1732 969 1809; x_wconf 88' lang='lat' dir='ltr'>testesque</span> <span class='ocrx_word' id='word_1_114' title='bbox 1002 1726 1045 1791; x_wconf 89' lang='lat' dir='ltr'>ad</span> <span class='ocrx_word' id='word_1_115' title='bbox 1067 1725 1198 1791; x_wconf 90' lang='lat' dir='ltr'>Woelff-</span> 
     </span>
     <span class='ocr_line' id='line_1_16' title="bbox 55 1828 1198 1912; baseline -0.002 -18"><span class='ocrx_word' id='word_1_116' title='bbox 55 1830 115 1894; x_wconf 93' lang='lat' dir='ltr'>lini</span> <span class='ocrx_word' id='word_1_117' title='bbox 149 1832 343 1895; x_wconf 87' lang='lat' dir='ltr'>sententiam</span> <span class='ocrx_word' id='word_1_118' title='bbox 365 1830 572 1896; x_wconf 84' lang='lat' dir='ltr'>refutandam</span> <span class='ocrx_word' id='word_1_119' title='bbox 593 1830 736 1912; x_wconf 89' lang='lat' dir='ltr'>undique</span> <span class='ocrx_word' id='word_1_120' title='bbox 759 1828 869 1912; x_wconf 89' lang='lat' dir='ltr'>affero,</span> <span class='ocrx_word' id='word_1_121' title='bbox 904 1852 977 1894; x_wconf 90' lang='lat' dir='ltr'>cum</span> <span class='ocrx_word' id='word_1_122' title='bbox 1001 1851 1072 1894; x_wconf 88' lang='lat' dir='ltr'>eam</span> <span class='ocrx_word' id='word_1_123' title='bbox 1094 1828 1198 1893; x_wconf 87' lang='lat' dir='ltr'>falsis-</span> 
     </span>
     <span class='ocr_line' id='line_1_17' title="bbox 59 1932 1199 2016; baseline -0.002 -20"><span class='ocrx_word' id='word_1_124' title='bbox 59 1934 177 1999; x_wconf 89' lang='lat' dir='ltr'>simam</span> <span class='ocrx_word' id='word_1_125' title='bbox 213 1956 283 1999; x_wconf 88' lang='lat' dir='ltr'>esse</span> <span class='ocrx_word' id='word_1_126' title='bbox 318 1935 444 2000; x_wconf 89' lang='lat' dir='ltr'>duobus</span> <span class='ocrx_word' id='word_1_127' title='bbox 476 1934 541 1998; x_wconf 89' lang='lat' dir='ltr'>illis</span> <span class='ocrx_word' id='word_1_128' title='bbox 579 1933 673 1998; x_wconf 92' lang='lat' dir='ltr'>libris</span> <span class='ocrx_word' id='word_1_129' title='bbox 694 1934 781 1997; x_wconf 86' lang='lat' dir='ltr'>inter</span> <span class='ocrx_word' id='word_1_130' title='bbox 804 1953 838 1996; x_wconf 87' lang='lat' dir='ltr'>sc</span> <span class='ocrx_word' id='word_1_131' title='bbox 861 1933 1049 2016; x_wconf 85' lang='lat' dir='ltr'>diligentius</span> <span class='ocrx_word' id='word_1_132' title='bbox 1072 1932 1199 1996; x_wconf 89' lang='lat' dir='ltr'>collatis</span> 
     </span>
    </p>
   </div>
   <div class='ocr_carea' id='block_1_4' title="bbox 57 2035 1199 2206">
    <p class='ocr_par' dir='ltr' id='par_1_5' title="bbox 57 2035 1199 2206">
     <span class='ocr_line' id='line_1_18' title="bbox 57 2035 1199 2120; baseline -0.002 -20"><span class='ocrx_word' id='word_1_133' title='bbox 57 2045 228 2120; x_wconf 84' lang='lat' dir='ltr'>appareat.</span> <span class='ocrx_word' id='word_1_134' title='bbox 280 2039 524 2104; x_wconf 89' lang='lat' dir='ltr'>Perlustremus</span> <span class='ocrx_word' id='word_1_135' title='bbox 556 2036 657 2119; x_wconf 84' lang='lat' dir='ltr'>igitur</span> <span class='ocrx_word' id='word_1_136' title='bbox 693 2035 772 2100; x_wconf 91' lang='lat' dir='ltr'>licet</span> <span class='ocrx_word' id='word_1_137' title='bbox 809 2037 948 2119; x_wconf 86' lang='lat' dir='ltr'>exempli</span> <span class='ocrx_word' id='word_1_138' title='bbox 969 2036 1076 2119; x_wconf 84' lang='lat' dir='ltr'>gratia</span> <span class='ocrx_word' id='word_1_139' title='bbox 1098 2035 1199 2099; x_wconf 87' lang='lat' dir='ltr'>vitam</span> 
     </span>
     <span class='ocr_line' id='line_1_19' title="bbox 57 2139 198 2206; baseline -0.007 0"><span class='ocrx_word' id='word_1_140' title='bbox 57 2139 198 2206; x_wconf 81' lang='lat' dir='ltr'>Claudii.</span> 
     </span>
    </p>
   </div>
   <div class='ocr_carea' id='block_1_5' title="bbox 94 2258 1198 2395">
    <p class='ocr_par' dir='ltr' id='par_1_6' title="bbox 94 2258 1198 2395">
     <span class='ocr_line' id='line_1_20' title="bbox 286 2258 1014 2311; baseline -0.004 -9"><span class='ocrx_word' id='word_1_141' title='bbox 286 2262 373 2311; x_wconf 75' lang='lat' dir='ltr'>mpial</span> <span class='ocrx_word' id='word_1_142' title='bbox 837 2259 898 2300; x_wconf 82' lang='lat' dir='ltr'>Cass.</span> <span class='ocrx_word' id='word_1_143' title='bbox 920 2263 941 2300; x_wconf 84' lang='lat' dir='ltr'>et</span> <span class='ocrx_word' id='word_1_144' title='bbox 954 2258 1014 2299; x_wconf 84' lang='lat' dir='ltr'>Suet</span> 
     </span>
     <span class='ocr_line' id='line_1_21' title="bbox 94 2325 1198 2395; baseline -0.001 -14"><span class='ocrx_word' id='word_1_145' title='bbox 94 2327 230 2382; x_wconf 88' lang='lat' dir='ltr'>Claudius</span> <span class='ocrx_word' id='word_1_146' title='bbox 238 2329 377 2395; x_wconf 77' lang='lat' dir='ltr'>Tiberius,</span> <span class='ocrx_word' id='word_1_147' title='bbox 389 2331 481 2395; x_wconf 87' lang='lat' dir='ltr'>Drusi,</span> <span class='ocrx_word' id='word_1_148' title='bbox 494 2329 603 2384; x_wconf 87' lang='lat' dir='ltr'>Tiberii</span> <span class='ocrx_word' id='word_1_149' title='bbox 677 2328 770 2382; x_wconf 81' lang='lat' dir='ltr'>Suet</span> <span class='ocrx_word' id='word_1_150' title='bbox 791 2335 803 2382; x_wconf 90' lang='lat'>1</span> <span class='ocrx_word' id='word_1_151' title='bbox 823 2326 939 2380; x_wconf 90' lang='lat' dir='ltr'>Patrem</span> <span class='ocrx_word' id='word_1_152' title='bbox 953 2327 1055 2385; x_wconf 80' lang='lat' dir='ltr'>Claudi</span> <span class='ocrx_word' id='word_1_153' title='bbox 1065 2325 1198 2380; x_wconf 88' lang='lat' dir='ltr'>Drusum.</span> 
     </span>
    </p>
   </div>
   <div class='ocr_carea' id='block_1_6' title="bbox 32 2413 604 3591">
    <p class='ocr_par' dir='ltr' id='par_1_7' title="bbox 32 2413 604 3591">
     <span class='ocr_line' id='line_1_22' title="bbox 55 2413 602 2492; baseline 0.011 -26"><span class='ocrx_word' id='word_1_154' title='bbox 55 2413 192 2492; x_wconf 81' lang='lat' dir='ltr'>fratris,</span> <span class='ocrx_word' id='word_1_155' title='bbox 206 2413 309 2479; x_wconf 86' lang='lat' dir='ltr'>filius,</span> <span class='ocrx_word' id='word_1_156' title='bbox 321 2418 466 2487; x_wconf 81' lang='lat' dir='ltr'>Caligulae</span> <span class='ocrx_word' id='word_1_157' title='bbox 475 2422 602 2486; x_wconf 85' lang='lat' dir='ltr'>patruus,</span> 
     </span>
     <span class='ocr_line' id='line_1_23' title="bbox 52 2499 602 2571; baseline 0.013 -19"><span class='ocrx_word' id='word_1_158' title='bbox 52 2499 211 2568; x_wconf 86' lang='lat' dir='ltr'>imperavit</span> <span class='ocrx_word' id='word_1_159' title='bbox 244 2518 333 2555; x_wconf 88' lang='lat' dir='ltr'>annos</span> <span class='ocrx_word' id='word_1_160' title='bbox 366 2503 602 2571; x_wconf 87' lang='lat' dir='ltr'>quattuordecim.</span> 
     </span>
     <span class='ocr_line' id='line_1_24' title="bbox 50 2582 603 2656; baseline 0.007 -17"><span class='ocrx_word' id='word_1_161' title='bbox 50 2582 128 2649; x_wconf 86' lang='lat' dir='ltr'>Iste,</span> <span class='ocrx_word' id='word_1_162' title='bbox 160 2602 224 2639; x_wconf 88' lang='lat' dir='ltr'>cum</span> <span class='ocrx_word' id='word_1_163' title='bbox 263 2594 415 2643; x_wconf 91' lang='lat' dir='ltr'>senatus</span> <span class='ocrx_word' id='word_1_164' title='bbox 442 2591 603 2656; x_wconf 87' lang='lat' dir='ltr'>censuisset,</span> 
     </span>
     <span class='ocr_line' id='line_1_25' title="bbox 44 2671 603 2742; baseline 0.005 -16"><span class='ocrx_word' id='word_1_165' title='bbox 44 2676 202 2742; x_wconf 84' lang='lat' dir='ltr'>gentem</span> <span class='ocrx_word' id='word_1_166' title='bbox 220 2671 409 2726; x_wconf 84' lang='lat' dir='ltr'>Caesarum</span> <span class='ocrx_word' id='word_1_167' title='bbox 422 2676 603 2730; x_wconf 85' lang='lat' dir='ltr'>exterminari</span> 
     </span>
     <span class='ocr_line' id='line_1_26' title="bbox 44 2757 602 2830; baseline 0.009 -20"><span class='ocrx_word' id='word_1_168' title='bbox 44 2757 213 2811; x_wconf 86' lang='lat' dir='ltr'>deformi</span> <span class='ocrx_word' id='word_1_169' title='bbox 231 2757 376 2811; x_wconf 87' lang='lat' dir='ltr'>latebra</span> <span class='ocrx_word' id='word_1_170' title='bbox 395 2761 487 2814; x_wconf 82' lang='lat' dir='ltr'>latens</span> <span class='ocrx_word' id='word_1_171' title='bbox 507 2779 602 2830; x_wconf 85' lang='lat' dir='ltr'>reper-</span> 
     </span>
     <span class='ocr_line' id='line_1_27' title="bbox 41 2841 603 2912; baseline 0.009 -16"><span class='ocrx_word' id='word_1_172' title='bbox 41 2841 603 2912; x_wconf 81' lang='lat' dir='ltr'>tusamilitibus,quiarecorserat,</span> 
     </span>
     <span class='ocr_line' id='line_1_28' title="bbox 36 2929 603 3003; baseline 0.009 -20"><span class='ocrx_word' id='word_1_173' title='bbox 36 2929 603 3003; x_wconf 70' lang='lat' dir='ltr'>mitissimusvidebaturimpru·</span> 
     </span>
     <span class='ocr_line' id='line_1_29' title="bbox 36 3013 602 3084; baseline 0.014 -16"><span class='ocrx_word' id='word_1_174' title='bbox 36 3013 243 3080; x_wconf 80' lang='lat' dir='ltr'>dentibus,</span> <span class='ocrx_word' id='word_1_175' title='bbox 262 3015 419 3084; x_wconf 85' lang='lat' dir='ltr'>imperator</span> <span class='ocrx_word' id='word_1_176' title='bbox 428 3019 542 3074; x_wconf 85' lang='lat' dir='ltr'>effectus</span> <span class='ocrx_word' id='word_1_177' title='bbox 551 3025 602 3076; x_wconf 91' lang='lat' dir='ltr'>est.</span> 
     </span>
     <span class='ocr_line' id='line_1_30' title="bbox 36 3100 604 3166; baseline 0.007 -8"><span class='ocrx_word' id='word_1_178' title='bbox 36 3100 115 3160; x_wconf 75' lang='lat' dir='ltr'>Hic</span> <span class='ocrx_word' id='word_1_179' title='bbox 134 3101 265 3166; x_wconf 87' lang='lat' dir='ltr'>ventri,</span> <span class='ocrx_word' id='word_1_180' title='bbox 277 3103 352 3165; x_wconf 89' lang='lat' dir='ltr'>vino,</span> <span class='ocrx_word' id='word_1_181' title='bbox 371 3104 484 3159; x_wconf 90' lang='lat' dir='ltr'>libidini</span> <span class='ocrx_word' id='word_1_182' title='bbox 494 3105 604 3162; x_wconf 88' lang='lat' dir='ltr'>foede</span> 
     </span>
     <span class='ocr_line' id='line_1_31' title="bbox 33 3189 604 3263; baseline 0.012 -22"><span class='ocrx_word' id='word_1_183' title='bbox 33 3189 233 3245; x_wconf 82' lang='lat' dir='ltr'>obediens</span> <span class='ocrx_word' id='word_1_184' title='bbox 252 3207 349 3244; x_wconf 88' lang='lat' dir='ltr'>vecors</span> <span class='ocrx_word' id='word_1_185' title='bbox 368 3197 397 3246; x_wconf 86' lang='lat' dir='ltr'>et</span> <span class='ocrx_word' id='word_1_186' title='bbox 409 3210 499 3263; x_wconf 88' lang='lat' dir='ltr'>prope</span> <span class='ocrx_word' id='word_1_187' title='bbox 517 3193 604 3248; x_wconf 87' lang='lat' dir='ltr'>hebes</span> 
     </span>
     <span class='ocr_line' id='line_1_32' title="bbox 32 3272 604 3346; baseline 0.019 -22"><span class='ocrx_word' id='word_1_188' title='bbox 32 3272 604 3346; x_wconf 82' lang='lat' dir='ltr'>ignavusecpavidus,liberto·</span> 
     </span>
     <span class='ocr_line' id='line_1_33' title="bbox 44 3362 603 3432; baseline 0.007 -18"><span class='ocrx_word' id='word_1_189' title='bbox 44 3375 135 3428; x_wconf 80' lang='lat' dir='ltr'>rum</span> <span class='ocrx_word' id='word_1_190' title='bbox 154 3365 188 3416; x_wconf 84' lang='lat' dir='ltr'>et</span> <span class='ocrx_word' id='word_1_191' title='bbox 211 3362 374 3431; x_wconf 85' lang='lat' dir='ltr'>coniugis</span> <span class='ocrx_word' id='word_1_192' title='bbox 394 3363 520 3432; x_wconf 88' lang='lat' dir='ltr'>imperiis</span> <span class='ocrx_word' id='word_1_193' title='bbox 539 3365 603 3420; x_wconf 92' lang='lat' dir='ltr'>sub·</span> 
     </span>
     <span class='ocr_line' id='line_1_34' title="bbox 35 3444 604 3518; baseline 0.011 -20"><span class='ocrx_word' id='word_1_194' title='bbox 35 3444 147 3504; x_wconf 84' lang='lat' dir='ltr'>iectus</span> <span class='ocrx_word' id='word_1_195' title='bbox 157 3449 219 3504; x_wconf 90' lang='lat' dir='ltr'>fuit.</span> <span class='ocrx_word' id='word_1_196' title='bbox 247 3448 339 3503; x_wconf 90' lang='lat' dir='ltr'>Huius</span> <span class='ocrx_word' id='word_1_197' title='bbox 357 3452 484 3518; x_wconf 85' lang='lat' dir='ltr'>tempore</span> <span class='ocrx_word' id='word_1_198' title='bbox 503 3451 604 3506; x_wconf 87' lang='lat' dir='ltr'>Scri·</span> 
     </span>
     <span class='ocr_line' id='line_1_35' title="bbox 43 3529 603 3591; baseline 0.009 -5"><span class='ocrx_word' id='word_1_199' title='bbox 43 3529 236 3590; x_wconf 84' lang='lat' dir='ltr'>bonianus</span> <span class='ocrx_word' id='word_1_200' title='bbox 259 3535 603 3591; x_wconf 85' lang='lat' dir='ltr'>CamillusintraDal·</span> 
     </span>
    </p>
   </div>
   <div class='ocr_carea' id='block_1_7' title="bbox 656 2411 1200 3599">
    <p class='ocr_par' dir='ltr' id='par_1_8' title="bbox 656 2411 1200 3599">
     <span class='ocr_line' id='line_1_36' title="bbox 657 2411 1199 2468; baseline -0.004 -3"><span class='ocrx_word' id='word_1_201' title='bbox 657 2414 673 2465; x_wconf 72' lang='grc' dir='ltr'>ἱ)</span> <span class='ocrx_word' id='word_1_202' title='bbox 684 2412 813 2468; x_wconf 83' lang='lat' dir='ltr'>Tiberius</span> <span class='ocrx_word' id='word_1_203' title='bbox 823 2413 981 2468; x_wconf 70' lang='lat' dir='ltr'>Claudius?</span> <span class='ocrx_word' id='word_1_204' title='bbox 992 2412 1060 2467; x_wconf 89' lang='lat' dir='ltr'>Caio</span> <span class='ocrx_word' id='word_1_205' title='bbox 1071 2411 1199 2466; x_wconf 76' lang='lat' dir='ltr'>fratris</span> 
     </span>
     <span class='ocr_line' id='line_1_37' title="bbox 657 2499 1198 2568; baseline -0.006 -16"><span class='ocrx_word' id='word_1_206' title='bbox 657 2499 735 2553; x_wconf 92' lang='lat' dir='ltr'>filio</span> <span class='ocrx_word' id='word_1_207' title='bbox 753 2500 792 2554; x_wconf 80' lang='lat'>45</span> <span class='ocrx_word' id='word_1_208' title='bbox 812 2499 931 2555; x_wconf 83' lang='lat' dir='ltr'>excessit</span> <span class='ocrx_word' id='word_1_209' title='bbox 957 2499 1069 2568; x_wconf 89' lang='lat' dir='ltr'>imperii</span> <span class='ocrx_word' id='word_1_210' title='bbox 1097 2500 1198 2566; x_wconf 86' lang='lat' dir='ltr'>quarto</span> 
     </span>
     <span class='ocr_line' id='line_1_38' title="bbox 658 2585 1199 2650; baseline -0.009 -10"><span class='ocrx_word' id='word_1_211' title='bbox 658 2588 778 2641; x_wconf 87' lang='lat' dir='ltr'>decimo.</span> <span class='ocrx_word' id='word_1_212' title='bbox 797 2588 893 2643; x_wconf 86' lang='lat' dir='ltr'>Caes.</span> <span class='ocrx_word' id='word_1_213' title='bbox 907 2585 1199 2650; x_wconf 66' lang='lat' dir='ltr'>candurcensem</span> 
     </span>
     <span class='ocr_line' id='line_1_39' title="bbox 658 2674 1199 2743; baseline -0.013 -16"><span class='ocrx_word' id='word_1_214' title='bbox 658 2678 800 2743; x_wconf 85' lang='lat' dir='ltr'>gentem</span> <span class='ocrx_word' id='word_1_215' title='bbox 819 2674 1004 2728; x_wconf 85' lang='lat' dir='ltr'>Caesarum</span> <span class='ocrx_word' id='word_1_216' title='bbox 1023 2711 1030 2724; x_wconf 96' lang='lat'>.</span> <span class='ocrx_word' id='word_1_217' title='bbox 1050 2712 1058 2727; x_wconf 88' lang='lat'>.</span> <span class='ocrx_word' id='word_1_218' title='bbox 1077 2711 1084 2726; x_wconf 88' lang='lat'>.</span> <span class='ocrx_word' id='word_1_219' title='bbox 1104 2685 1199 2739; x_wconf 89' lang='lat' dir='ltr'>perse-</span> 
     </span>
     <span class='ocr_line' id='line_1_40' title="bbox 661 2760 1198 2829; baseline -0.011 -17"><span class='ocrx_word' id='word_1_220' title='bbox 661 2764 803 2829; x_wconf 85' lang='lat' dir='ltr'>quuntur.</span> <span class='ocrx_word' id='word_1_221' title='bbox 816 2799 840 2814; x_wconf 90' lang='lat'>..</span> <span class='ocrx_word' id='word_1_222' title='bbox 859 2760 1050 2814; x_wconf 85' lang='lat' dir='ltr'>occultantem</span> <span class='ocrx_word' id='word_1_223' title='bbox 1060 2771 1198 2823; x_wconf 83' lang='lat' dir='ltr'>sereppe-</span> 
     </span>
     <span class='ocr_line' id='line_1_41' title="bbox 659 2838 1200 2907; baseline -0.015 -8"><span class='ocrx_word' id='word_1_224' title='bbox 659 2847 697 2900; x_wconf 90' lang='lat' dir='ltr'>rit</span> <span class='ocrx_word' id='word_1_225' title='bbox 715 2845 871 2901; x_wconf 87' lang='lat' dir='ltr'>deformi</span> <span class='ocrx_word' id='word_1_226' title='bbox 890 2844 1099 2907; x_wconf 85' lang='lat' dir='ltr'>latebra,...</span> <span class='ocrx_word' id='word_1_227' title='bbox 1117 2838 1200 2907; x_wconf 89' lang='lat' dir='ltr'>quia</span> 
     </span>
     <span class='ocr_line' id='line_1_42' title="bbox 658 2926 1200 2995; baseline -0.011 -11"><span class='ocrx_word' id='word_1_228' title='bbox 658 2926 1200 2995; x_wconf 72' lang='lat' dir='ltr'>vecorseratmitissimusvide-</span> 
     </span>
     <span class='ocr_line' id='line_1_43' title="bbox 658 3013 1200 3086; baseline -0.013 -17"><span class='ocrx_word' id='word_1_229' title='bbox 658 3016 769 3071; x_wconf 88' lang='lat' dir='ltr'>batur</span> <span class='ocrx_word' id='word_1_230' title='bbox 786 3016 1084 3086; x_wconf 84' lang='lat' dir='ltr'>imprudentibus.</span> <span class='ocrx_word' id='word_1_231' title='bbox 1110 3013 1200 3068; x_wconf 85' lang='lat' dir='ltr'>Caes.</span> 
     </span>
     <span class='ocr_line' id='line_1_44' title="bbox 657 3097 1200 3172; baseline -0.015 -16"><span class='ocrx_word' id='word_1_232' title='bbox 657 3104 711 3168; x_wconf 83' lang='lat'>4‚1.</span> <span class='ocrx_word' id='word_1_233' title='bbox 747 3103 926 3172; x_wconf 73' lang='lat' dir='ltr'>Quemquam</span> <span class='ocrx_word' id='word_1_234' title='bbox 953 3099 1072 3156; x_wconf 89' lang='lat' dir='ltr'>ventri</span> <span class='ocrx_word' id='word_1_235' title='bbox 1098 3097 1200 3150; x_wconf 85' lang='lat' dir='ltr'>foede</span> 
     </span>
     <span class='ocr_line' id='line_1_45' title="bbox 659 3184 1199 3258; baseline -0.017 -16"><span class='ocrx_word' id='word_1_236' title='bbox 659 3189 830 3243; x_wconf 85' lang='lat' dir='ltr'>obediens</span> <span class='ocrx_word' id='word_1_237' title='bbox 854 3186 946 3258; x_wconf 86' lang='lat' dir='ltr'>(Suet.</span> <span class='ocrx_word' id='word_1_238' title='bbox 965 3189 999 3242; x_wconf 83' lang='lat'>33</span> <span class='ocrx_word' id='word_1_239' title='bbox 1016 3184 1131 3252; x_wconf 90' lang='lat' dir='ltr'>vinique</span> <span class='ocrx_word' id='word_1_240' title='bbox 1149 3197 1199 3249; x_wconf 90' lang='lat' dir='ltr'>ap·</span> 
     </span>
     <span class='ocr_line' id='line_1_46' title="bbox 657 3267 1199 3345; baseline -0.02 -16"><span class='ocrx_word' id='word_1_241' title='bbox 657 3274 870 3345; x_wconf 88' lang='lat' dir='ltr'>petentissimus</span> <span class='ocrx_word' id='word_1_242' title='bbox 896 3273 1024 3327; x_wconf 88' lang='lat' dir='ltr'>libidinis</span> <span class='ocrx_word' id='word_1_243' title='bbox 1041 3267 1199 3339; x_wconf 88' lang='lat' dir='ltr'>profusissi-</span> 
     </span>
     <span class='ocr_line' id='line_1_47' title="bbox 658 3354 1200 3425; baseline -0.026 -9"><span class='ocrx_word' id='word_1_244' title='bbox 658 3365 734 3424; x_wconf 87' lang='lat' dir='ltr'>mae)</span> <span class='ocrx_word' id='word_1_245' title='bbox 756 3376 854 3414; x_wconf 87' lang='lat' dir='ltr'>vecors</span> <span class='ocrx_word' id='word_1_246' title='bbox 867 3362 946 3414; x_wconf 89' lang='lat' dir='ltr'>iuxta</span> <span class='ocrx_word' id='word_1_247' title='bbox 956 3362 1041 3425; x_wconf 87' lang='lat' dir='ltr'>atque</span> <span class='ocrx_word' id='word_1_248' title='bbox 1050 3354 1200 3407; x_wconf 90' lang='lat' dir='ltr'>immemor</span> 
     </span>
     <span class='ocr_line' id='line_1_48' title="bbox 656 3439 1200 3520; baseline -0.026 -17"><span class='ocrx_word' id='word_1_249' title='bbox 656 3449 874 3520; x_wconf 90' lang='lat' dir='ltr'>pavidusque</span> <span class='ocrx_word' id='word_1_250' title='bbox 893 3445 979 3500; x_wconf 91' lang='lat' dir='ltr'>animi</span> <span class='ocrx_word' id='word_1_251' title='bbox 991 3439 1200 3510; x_wconf 83' lang='lat' dir='ltr'>etignavior</span> 
     </span>
     <span class='ocr_line' id='line_1_49' title="bbox 656 3523 1200 3599; baseline -0.028 -8"><span class='ocrx_word' id='word_1_252' title='bbox 656 3539 738 3591; x_wconf 75' lang='lat' dir='ltr'>esset,</span> <span class='ocrx_word' id='word_1_253' title='bbox 772 3537 880 3590; x_wconf 87' lang='lat' dir='ltr'>Caes.</span> <span class='ocrx_word' id='word_1_254' title='bbox 900 3533 953 3599; x_wconf 79' lang='lat' dir='ltr'>4,b</span> <span class='ocrx_word' id='word_1_255' title='bbox 981 3524 1148 3597; x_wconf 85' lang='lat' dir='ltr'>coniugis</span> <span class='ocrx_word' id='word_1_256' title='bbox 1166 3523 1200 3577; x_wconf 89' lang='lat' dir='ltr'>si·</span> 
     </span>
    </p>
   </div>
   <div class='ocr_carea' id='block_1_8' title="bbox 13 3613 1201 4126">
    <p class='ocr_par' dir='ltr' id='par_1_9' title="bbox 13 3613 1201 4126">
     <span class='ocr_line' id='line_1_50' title="bbox 46 3613 1200 3691; baseline -0.008 -17"><span class='ocrx_word' id='word_1_257' title='bbox 46 3621 164 3674; x_wconf 78' lang='lat' dir='ltr'>malias</span> <span class='ocrx_word' id='word_1_258' title='bbox 176 3621 332 3690; x_wconf 88' lang='lat' dir='ltr'>imperator</span> <span class='ocrx_word' id='word_1_259' title='bbox 341 3624 460 3687; x_wconf 85' lang='lat' dir='ltr'>creatus,</span> <span class='ocrx_word' id='word_1_260' title='bbox 470 3622 602 3677; x_wconf 85' lang='lat' dir='ltr'>continuo</span> <span class='ocrx_word' id='word_1_261' title='bbox 656 3622 772 3691; x_wconf 91' lang='lat' dir='ltr'>mulque</span> <span class='ocrx_word' id='word_1_262' title='bbox 789 3621 1011 3676; x_wconf 86' lang='lat' dir='ltr'>libertorum</span> <span class='ocrx_word' id='word_1_263' title='bbox 1034 3613 1200 3668; x_wconf 88' lang='lat' dir='ltr'>delinimen-</span> 
     </span>
     <span class='ocr_line' id='line_1_51' title="bbox 54 3698 1200 3778; baseline -0.007 -20"><span class='ocrx_word' id='word_1_264' title='bbox 54 3707 215 3762; x_wconf 85' lang='lat' dir='ltr'>0cciditur.·</span> <span class='ocrx_word' id='word_1_265' title='bbox 253 3708 369 3763; x_wconf 86' lang='lat' dir='ltr'>Mauri</span> <span class='ocrx_word' id='word_1_266' title='bbox 398 3708 604 3776; x_wconf 84' lang='lat' dir='ltr'>provinciis</span> <span class='ocrx_word' id='word_1_267' title='bbox 657 3710 698 3776; x_wconf 87' lang='lat' dir='ltr'>tis,</span> <span class='ocrx_word' id='word_1_268' title='bbox 712 3708 916 3778; x_wconf 88' lang='lat' dir='ltr'>quibussemet</span> <span class='ocrx_word' id='word_1_269' title='bbox 929 3703 1087 3758; x_wconf 87' lang='lat' dir='ltr'>dediderat.</span> <span class='ocrx_word' id='word_1_270' title='bbox 1106 3698 1200 3753; x_wconf 83' lang='lat' dir='ltr'>Suet.</span> 
     </span>
     <span class='ocr_line' id='line_1_52' title="bbox 13 3785 1199 3850; baseline -0.007 -7"><span class='ocrx_word' id='word_1_271' title='bbox 13 3821 15 3825; x_wconf 35' lang='grc' dir='ltr'><em>ν</em></span> <span class='ocrx_word' id='word_1_272' title='bbox 57 3807 254 3848; x_wconf 82' lang='lat' dir='ltr'>accessere.</span> <span class='ocrx_word' id='word_1_273' title='bbox 275 3793 386 3848; x_wconf 86' lang='lat' dir='ltr'>Caesa</span> <span class='ocrx_word' id='word_1_274' title='bbox 403 3793 604 3849; x_wconf 86' lang='lat' dir='ltr'>Musulami·</span> <span class='ocrx_word' id='word_1_275' title='bbox 656 3795 696 3850; x_wconf 80' lang='grc'>35</span> <span class='ocrx_word' id='word_1_276' title='bbox 716 3795 820 3849; x_wconf 88' lang='lat' dir='ltr'>bellum</span> <span class='ocrx_word' id='word_1_277' title='bbox 832 3785 1199 3849; x_wconf 81' lang='lat' dir='ltr'>civilemcvitFuriusCa-</span> 
     </span>
     <span class='ocr_line' id='line_1_53' title="bbox 60 3862 1201 3947; baseline -0.01 -14"><span class='ocrx_word' id='word_1_278' title='bbox 60 3893 160 3933; x_wconf 87' lang='lat' dir='ltr'>crum</span> <span class='ocrx_word' id='word_1_279' title='bbox 177 3897 298 3934; x_wconf 87' lang='lat' dir='ltr'>manns</span> <span class='ocrx_word' id='word_1_280' title='bbox 316 3883 367 3937; x_wconf 86' lang='lat' dir='ltr'>est.</span> <span class='ocrx_word' id='word_1_281' title='bbox 385 3880 603 3947; x_wconf 83' lang='lat' dir='ltr'>AquaClau·</span> <span class='ocrx_word' id='word_1_282' title='bbox 656 3883 787 3937; x_wconf 89' lang='lat' dir='ltr'>millus</span> <span class='ocrx_word' id='word_1_283' title='bbox 806 3862 1066 3936; x_wconf 81' lang='lat' dir='ltr'>Scribbniauus</span> <span class='ocrx_word' id='word_1_284' title='bbox 1085 3871 1201 3928; x_wconf 88' lang='lat' dir='ltr'>Dalma-</span> 
     </span>
     <span class='ocr_line' id='line_1_54' title="bbox 64 3960 1200 4038; baseline -0.007 -20"><span class='ocrx_word' id='word_1_285' title='bbox 64 3964 119 4022; x_wconf 87' lang='lat' dir='ltr'>dia</span> <span class='ocrx_word' id='word_1_286' title='bbox 137 3966 247 4022; x_wconf 87' lang='lat' dir='ltr'>Romae</span> <span class='ocrx_word' id='word_1_287' title='bbox 266 3967 391 4023; x_wconf 84' lang='lat' dir='ltr'>inducta.</span> <span class='ocrx_word' id='word_1_288' title='bbox 408 3967 501 4022; x_wconf 89' lang='lat' dir='ltr'>Huius</span> <span class='ocrx_word' id='word_1_289' title='bbox 519 3987 606 4024; x_wconf 83' lang='lat' dir='ltr'>uxor</span> <span class='ocrx_word' id='word_1_290' title='bbox 658 3969 716 4023; x_wconf 90' lang='lat' dir='ltr'>tiae</span> <span class='ocrx_word' id='word_1_291' title='bbox 734 3969 844 4038; x_wconf 85' lang='lat' dir='ltr'>legatus</span> <span class='ocrx_word' id='word_1_292' title='bbox 865 3985 964 4022; x_wconf 89' lang='lat' dir='ltr'>verum</span> <span class='ocrx_word' id='word_1_293' title='bbox 975 3965 1052 4017; x_wconf 84' lang='lat' dir='ltr'>intra</span> <span class='ocrx_word' id='word_1_294' title='bbox 1071 3960 1200 4028; x_wconf 87' lang='lat' dir='ltr'>quintum</span> 
     </span>
     <span class='ocr_line' id='line_1_55' title="bbox 61 4044 1200 4126; baseline -0.004 -17"><span class='ocrx_word' id='word_1_295' title='bbox 61 4049 489 4124; x_wconf 77' lang='lat' dir='ltr'>Messalinaprimopassim,</span> <span class='ocrx_word' id='word_1_296' title='bbox 504 4058 606 4125; x_wconf 86' lang='lat' dir='ltr'>quasi</span> <span class='ocrx_word' id='word_1_297' title='bbox 658 4072 787 4126; x_wconf 88' lang='lat' dir='ltr'>opressus</span> <span class='ocrx_word' id='word_1_298' title='bbox 806 4059 856 4109; x_wconf 89' lang='lat' dir='ltr'>est.</span> <span class='ocrx_word' id='word_1_299' title='bbox 890 4053 984 4107; x_wconf 87' lang='lat' dir='ltr'>Caes.</span> <span class='ocrx_word' id='word_1_300' title='bbox 1003 4051 1058 4117; x_wconf 82' lang='lat'>4,2</span> <span class='ocrx_word' id='word_1_301' title='bbox 1084 4044 1200 4105; x_wconf 79' lang='lat' dir='ltr'>Mauri</span> 
     </span>
    </p>
   </div>
   <div class='ocr_carea' id='block_1_9' title="bbox 11 4136 1200 4275">
    <p class='ocr_par' dir='ltr' id='par_1_10' title="bbox 11 4136 1200 4275">
     <span class='ocr_line' id='line_1_56' title="bbox 11 4136 1200 4208; baseline -0.009 -11"><span class='ocrx_word' id='word_1_302' title='bbox 11 4166 14 4171; x_wconf 61' lang='lat'><strong><em>¹</em></strong></span> <span class='ocrx_word' id='word_1_303' title='bbox 55 4143 133 4207; x_wconf 43' lang='lat' dir='ltr'>,iure</span> <span class='ocrx_word' id='word_1_304' title='bbox 153 4141 345 4198; x_wconf 84' lang='lat' dir='ltr'>adulteriis</span> <span class='ocrx_word' id='word_1_305' title='bbox 363 4142 551 4198; x_wconf 86' lang='lat' dir='ltr'>utebatur:</span> <span class='ocrx_word' id='word_1_306' title='bbox 570 4159 606 4197; x_wconf 85' lang='lat' dir='ltr'>ex</span> <span class='ocrx_word' id='word_1_307' title='bbox 658 4157 846 4197; x_wconf 87' lang='lat' dir='ltr'>accessere</span> <span class='ocrx_word' id='word_1_308' title='bbox 866 4136 1200 4208; x_wconf 85' lang='lat' dir='ltr'>provinciis..cae·</span> 
     </span>
     <span class='ocr_line' id='line_1_57' title="bbox 1045 4225 1082 4275; baseline 0 -16"><span class='ocrx_word' id='word_1_309' title='bbox 1045 4225 1082 4275; x_wconf 56' lang='lat' dir='ltr'>aa</span> 
     </span>
    </p>
   </div>
   <div class='ocr_carea' id='block_1_10' title="bbox 0 0 1346 4500">
    <p class='ocr_par' dir='ltr' id='par_1_11' title="bbox 0 0 1346 4500">
     <span class='ocr_line' id='line_1_58' title="bbox 0 0 1346 4500; baseline 0 0"><span class='ocrx_word' id='word_1_310' title='bbox 0 0 1346 4500; x_wconf 95' lang='lat' dir='ltr'> </span> 
     </span>
    </p>
   </div>
  </div>
 </body>
</html>
