2684 4500
597 194 639 258 45

53 360 166 427 bendo
188 361 318 443 lapsum
342 381 412 425 esse
435 382 535 445 supra
558 362 851 445 demonstraverim,
875 362 908 427 id
932 364 1019 446 quod
1038 386 1102 428 non
1119 365 1199 448 Epi-

54 465 231 528 tomatoris
252 463 380 531 levitati
403 466 464 530 soli
486 466 548 530 sed
573 468 672 531 etiam
696 469 840 550 excerpti
863 468 941 533 libri
964 467 1117 533 brevitati
1141 471 1198 534 tri·

55 568 226 633 buendum
262 567 400 651 videtur,
435 575 504 633 tum
527 571 720 652 quicunque,
743 591 827 652 quae
851 571 1007 653 Epitoma
1032 574 1135 653 (1,16)
1159 571 1199 635 de

55 671 250 735 Maecenate
273 677 307 736 et
329 672 483 754 Agrippa
504 679 628 755 narrat,
653 694 726 737 cum
737 674 891 739 Suetonio
915 673 1017 759 (Aug.
1043 676 1098 760 66)
1122 696 1195 738 con·

54 774 183 852 tulerit,
204 794 327 838 mecum
349 775 540 855 consentiet,
562 797 665 858 paene
687 776 758 841 fieri
780 800 844 843 non
865 798 970 861 posse,
994 784 1097 842 utres
1113 782 1196 859 tota,

56 877 165 959 qualis
200 878 234 941 in
268 879 387 963 nostris
420 877 515 942 libris
547 879 677 960 legitur,
712 879 950 967 Epitomatoris
982 887 1058 945 ante
1089 880 1198 945 oculos

56 979 170 1048 fuerit.
877 1007 880 1012 ·

503 1324 641 1426 caput
667 1325 743 1407 VI.

146 1497 363 1579 Exposuimue
385 1495 562 1579 Epitomen
599 1518 663 1561 non
696 1518 736 1561 ex
767 1516 815 1577 e0,
839 1496 894 1579 qui
927 1496 1021 1560 nobis
1055 1496 1198 1560 traditus

59 1607 122 1682 est,
146 1599 204 1664 sed
228 1620 269 1664 ex
291 1600 447 1666 Suetonio
481 1606 578 1664 aucto
600 1601 759 1683 pendere;
794 1620 888 1678 nunc,
912 1600 997 1663 unde
1025 1598 1198 1665 Suetonius

53 1709 175 1768 auctus
198 1708 397 1785 ornatusque
420 1704 472 1782 sit,
497 1703 727 1789 disputandum
750 1709 807 1769 est.
847 1699 945 1784 Quod
960 1708 996 1766 ut
1013 1701 1198 1781 efficiamus,

55 1805 196 1870 Tacitus
232 1811 265 1869 et
287 1804 353 1870 Dio
387 1803 521 1870 Cassius
553 1805 645 1870 nobis
680 1806 799 1870 auxilio
830 1806 971 1887 veniunt,
1007 1827 1079 1869 cum
1101 1825 1202 1886 quaer

54 1908 134 1972 dam
157 1908 327 1990 Epitomes
353 1907 590 1988 additamenta,
626 1929 709 1990 quae
731 1915 844 1973 nostra
873 1909 1035 1972 sententia
1070 1928 1109 1970 ex
1141 1907 1197 1972 illo

55 2009 215 2075 Suetonio
238 2015 335 2075 aucto
346 2010 509 2092 fluxerint,
533 2015 591 2075 aut
607 2011 693 2096 apud
711 2010 862 2075 Tacitum
884 2015 942 2074 aut
957 2011 1043 2092 apud
1058 2010 1199 2074 Dionem

53 2112 204 2193 redeant,
228 2114 275 2178 ita
297 2119 335 2180 ut
357 2113 442 2194 inde,
466 2113 552 2178 unde
567 2113 738 2196 Epitomes
759 2113 816 2178 illa
839 2112 1064 2178 additamenta
1087 2135 1198 2177 mana·

53 2216 173 2297 verint,
199 2216 412 2299 colligendum
425 2219 475 2282 sit.

145 2335 285 2419 Sapiunt
307 2342 417 2401 autem
441 2337 591 2401 Tacitum
613 2337 708 2403 haec:

252 2540 310 2591 Epic
328 2541 347 2595 1,
360 2540 391 2583 27.
866 2544 918 2582 Tse.
931 2542 990 2582 Ama

92 2626 254 2695 Agrippam
291 2627 374 2682 odio
414 2630 599 2683 novercali
687 2629 760 2695 1,13.
772 2627 932 2695 Augustum
942 2628 1108 2682 devinxerat
1118 2628 1197 2693 adeo,

53 2714 94 2766 in
113 2714 266 2767 insulam
283 2715 470 2783 relegaverat.
650 2719 683 2768 nt
700 2715 860 2784 Agrippam
887 2715 923 2767 in
947 2715 1107 2767 insulam
1131 2713 1196 2768 Pla·

650 2801 758 2854 nasiam
770 2801 920 2869 proiceret.
956 2801 1043 2856 Ann.
1065 2800 1116 2866 l,ti
1135 2818 1196 2854 no·

650 2887 858 2942 veroalibus
877 2886 982 2939 odiis.

10 3116 12 3123 Ι
146 3035 188 3102 ln
199 3039 268 3103 vita
283 3036 451 3122 Caligulae
462 3040 526 3104 iam
533 3042 745 3124 cupralocum
757 3042 918 3123 quendam
927 3040 1014 3122 apud
1023 3045 1198 3121 utrumque

10 3210 12 3237 ;
55 3139 259 3205 simillimum
280 3140 474 3224 significavi:
1062 3158 1067 3167 '

277 3311 336 3360 upa
350 3313 388 3365 3,6.
833 3316 885 3356 Tac.
901 3314 961 3354 Ann.
974 3312 1026 3361 3,65.

95 3377 130 3432 de
160 3395 215 3447 quo
234 3379 330 3433 nescio
350 3380 478 3435 decuerit
496 3397 601 3435 memo·
689 3385 777 3450 utque
795 3383 894 3452 pravis
913 3382 996 3436 dictis
1009 3382 1149 3451 factisque
1162 3399 1198 3436 ex

10 3474 12 3479 '
55 3463 119 3517 riae
146 3465 240 3533 prodi,
266 3465 322 3519 nisi
339 3466 412 3521 forte
430 3467 497 3536 quia
523 3467 604 3522 iuvat
655 3470 821 3540 posteritate
866 3468 1037 3524 infamiae
1083 3470 1199 3522 metus

10 3558 12 3563 '
56 3549 98 3602 de
114 3550 290 3620 principibus
300 3569 380 3606 nosse
391 3553 493 3619 omnia,
511 3557 543 3608 ut
550 3553 602 3607 im·
655 3555 714 3611 ait.

58 3634 147 3704 probi
163 3636 264 3690 saltem
281 3637 294 3691 1
300 3654 401 3693 amae
418 3643 514 3695 metu
532 3640 604 3694 talia

57 3719 214 3778 declinent.

145 3845 185 3906 In
215 3841 404 3909 brevissima
433 3845 570 3929 denique
599 3847 728 3918 Vitellii
758 3847 827 3911 vita
854 3847 918 3912 duo
947 3852 1062 3932 aperta
1091 3844 1206 3911 Taciti·

56 3941 114 4007 vel
135 3943 203 4008 eiua
226 3943 326 4041 fontis
348 3946 484 4031 vestigia
505 3948 539 4013 in
562 3950 717 4040 Epitoma
744 3949 1039 4033 deprehenduntnr.
1083 3946 1197 4014 Certa·

57 4045 149 4110 mine
173 4047 258 4113 enim
280 4049 340 4115 sub
363 4052 467 4117 muris
489 4052 579 4117 urbis
601 4052 716 4119 habito
739 4053 911 4125 Vitellium
932 4053 1098 4120 devictum
1120 4052 1200 4137 Epi·
