2684 4500
640 183 681 243 50

96 369 343 425 manicianis
360 366 553 436 legionibus..
571 365 629 420 fac·
691 364 846 419 deteriores
865 381 924 419 esse
952 366 1001 417 aut
1029 354 1243 431 praetoria·

95 461 157 511 tum
170 452 633 524 competere..nedissimilesvi·
691 468 762 516 nos,
783 452 832 520 qui
851 451 1042 510 Othonem.
1069 452 1120 502 aut
1150 447 1244 501 Ger·

96 542 230 596 darentur
248 539 455 609 Vespasianum
477 537 629 607 perpulere

130 706 636 780 8,6etugurio..ianitorisin·

97 796 380 865 iectolaqueo.

131 968 173 1033 9,4
201 966 284 1020 simul
313 963 414 1019 divinis
435 961 546 1018 deditus
573 980 637 1018 suc·

96 1068 288 1108 cessores
338 1050 445 1105 fidebat
479 1050 639 1104 liberos...

97 1137 166 1194 iore.

407 1199 431 1261 Χ.

137 1395 205 1462 1052.
224 1412 288 1448 cum
306 1407 500 1446 concessa
517 1408 569 1460 per
581 1392 639 1459 pri-

99 1497 163 1535 ores
181 1479 372 1549 principes
391 1477 502 1531 firmari
532 1477 568 1530 ab
596 1478 639 1529 in-

99 1567 280 1634 sequentibus
298 1583 358 1619 mos
379 1569 459 1631 esset,
471 1601 498 1622 ..
517 1563 638 1617 edicto

97 1655 199 1721 sponte
218 1652 299 1706 eavit.

136 1925 195 1991 1,15
225 1924 342 1977 remotis
384 1923 485 1992 procul
513 1923 643 1978 omnibus

96 2027 301 2064 muscarum
320 2010 433 2079 agmina
450 2012 640 2078 persequeba-

97 2099 144 2150 tur
154 2134 160 2148 .
171 2096 388 2163 ,percunctanti
407 2096 552 2162 olidam,
566 2098 641 2164 quis·

97 2199 221 2252 quamne
233 2182 263 2235 in
274 2183 382 2251 palatio
394 2184 474 2245 esset,
495 2198 601 2250 respo
610 2201 641 2235 n-

97 2286 182 2323 sum:
202 2285 237 2322 ne
255 2285 369 2321 musca
388 2267 587 2334 quidem...

691 537 918 591 manicianos
953 535 1001 604 qui
1036 532 1243 588 Vitellium

691 623 831 677 fecissent.

727 708 787 764 Vit.
816 711 858 766 16.
886 708 916 761 in
944 707 1077 762 cellutam
1104 702 1244 757 ianito-

691 795 774 850 ris..
822 795 863 849 17.
902 793 1039 847 iniecto
1071 784 1243 846 ¹cervicibus

691 881 826 949 laqueo.

727 966 814 1034 Vesp.
842 966 883 1018 25.
908 969 968 1020 tam
987 965 1097 1017 certum
1115 979 1183 1014 eum
1202 962 1241 1015 de

692 1069 742 1105 sua
768 1069 939 1120 suorumque
965 1049 1098 1120 genitura
1122 1065 1241 1117 semper

692 1139 786 1203 fuisse,
816 1142 848 1191 ut
871 1153 952 1190 ausus
975 1137 1012 1189 sit
1032 1133 1179 1188 affirmare
1197 1151 1243 1188 se·

691 1223 778 1288 natui,
809 1226 857 1276 aut
886 1221 958 1274 filios
984 1220 1039 1274 sibi
1058 1237 1244 1274 successu·

692 1326 755 1362 ros
780 1314 828 1363 aut
847 1308 997 1362 neminem.

726 1393 782 1447 Tit.
800 1394 824 1447 8.
861 1410 926 1446 cum
1005 1407 1102 1445 omnes
1130 1389 1238 1445 dehinc

693 1479 825 1533 Caesares
843 1477 982 1532 beneficia
1001 1495 1017 1531 a
1041 1476 1239 1545 superioribus

692 1581 883 1619 concessa
964 1563 1244 1634 principibus

691 1651 774 1705 aliter
794 1668 850 1704 uon
862 1650 1009 1716 haberent,
1027 1649 1136 1718 primus
1148 1666 1239 1717 prae·

691 1737 779 1790 terite
817 1737 912 1791 omnia
948 1751 1006 1790 uno
1054 1733 1243 1789 confirmavit

693 1822 841 1877 edicto

728 1924 835 1979 Domit.
855 1925 880 1981 3.
902 1928 1042 1979 secretum
1061 1923 1115 1976 sibi
1127 1939 1244 1977 sumere

696 2011 806 2064 solebat
833 2028 987 2065 muscas
1023 2013 1178 2079 captare..
1209 2013 1242 2063 at

696 2113 711 2148 o
723 2096 856 2150 uidam
891 2097 1092 2165 interroganti,
1128 2100 1246 2149 essetne

697 2180 757 2248 quis
767 2182 842 2234 intus
854 2199 918 2236 cum
929 2182 1057 2246 Caesare,
1076 2196 1169 2248 resp
1181 2197 1198 2232 o
1210 2198 1244 2232 n-

695 2284 774 2320 sum
801 2268 847 2334 sit,
884 2284 932 2321 ne
959 2283 1133 2321 muscam
1160 2268 1244 2333 qui-

695 2353 787 2406 dem.

187 2486 312 2572 Quodsi
334 2491 407 2573 quis
430 2512 590 2556 summum
612 2490 698 2555 inter
721 2488 913 2555 Suetonium
937 2495 970 2554 et
984 2488 1145 2555 Nostrum
1160 2509 1239 2554 con-

98 2613 225 2656 sensum
247 2614 349 2676 usque
372 2593 415 2657 ad
436 2595 618 2659 Domitiani
640 2594 736 2658 vitam
757 2600 926 2677 patentem
948 2593 1075 2673 viderit,
1095 2591 1239 2657 fortasse

103 2695 225 2776 credat,
249 2700 354 2759 totum
377 2696 536 2761 Nostrum
552 2717 591 2760 ex
607 2695 770 2777 Suetonio,
788 2697 878 2759 cuius
892 2697 1111 2760 narrationem
1126 2717 1245 2778 magna

99 2807 172 2864 arte
194 2798 375 2863 breviorem
411 2797 615 2877 reddidisset,
653 2797 792 2864 fluxisse.
839 2797 905 2863 Sed
940 2804 990 2864 tot
1023 2820 1044 2863 a
1080 2797 1240 2864 Suetonio

55 2957 58 2962 .
102 2903 294 2967 omissarum
316 2901 367 2964 vel
389 2900 431 2965 ab
462 2921 500 2964 eo
538 2899 986 2984 abhorr·entiumre1um,—
1011 2922 1092 2985 quas
1129 2923 1245 2968 omnes

99 3023 290 3070 enumerare
311 3002 438 3086 longum
459 3007 518 3084 est,
541 3005 689 3086 —apud
713 3005 874 3070 Nostrum
896 3007 1072 3083 invenimus
1103 3024 1245 3070 comme·

99 3108 317 3187 morationem,
341 3112 378 3171 ut
401 3106 523 3171 diutius
544 3107 578 3170 in
606 3106 665 3171 illa
695 3105 858 3172 sententia
871 3131 872 3134 ¹
886 3129 1094 3191 perseverare
1120 3129 1244 3190 neque·

105 3231 207 3275 amus.
253 3208 346 3290 Quae
382 3208 471 3292 apud
494 3211 681 3276 Suetonium
719 3211 958 3293 desiderantur,
992 3213 1114 3294 partim
1152 3213 1245 3294 apud

102 3313 184 3378 alios
206 3313 383 3394 scriptores
407 3319 591 3394 occurrunt,
614 3314 733 3395 partim
756 3336 912 3398 nusquam
927 3314 1007 3379 alibi
1022 3313 1245 3396 reperiuntur.

102 3415 167 3482 Sed
190 3420 328 3498 apparet
349 3415 505 3480 Nostrum
526 3437 591 3480 non
614 3437 723 3481 omnes
738 3417 812 3481 illos
828 3423 861 3482 et
877 3417 1015 3482 fortasse
1030 3417 1125 3481 etiam
1139 3417 1243 3483 libro·
1259 3436 1261 3440 ·

100 3539 168 3582 rum
191 3517 433 3600 deperditorum
456 3519 632 3602 complures
654 3520 842 3602 inspexisse.
881 3519 1001 3603 Itaque
1023 3520 1104 3584 nibil
1126 3526 1243 3602 restat,

102 3622 165 3685 nisi
185 3627 224 3684 ut
245 3625 402 3703 putemus,
427 3644 524 3686 unum
545 3623 732 3701 scriptorem
754 3644 860 3687 omnes
894 3622 968 3686 illas
990 3643 1042 3686 res
1065 3622 1245 3704 amplexum

101 3744 180 3806 esse,
195 3724 280 3788 hunc
295 3730 328 3788 et
343 3723 498 3790 aNostro
516 3747 583 3789 oum
595 3728 751 3792 Suetonio
768 3725 1016 3791 contaminatum
1030 3732 1062 3791 et
1074 3747 1094 3790 a
1106 3727 1245 3808 scripto·

101 3827 195 3892 ribus
218 3827 282 3890 illis
304 3828 338 3891 in
360 3847 455 3891 usum
475 3834 626 3893 vocatum
650 3850 727 3894 esse.

190 3945 258 4011 Sed
279 3947 340 4011 ian
362 3948 534 4033 videamus,
559 3971 642 4033 quae
670 3951 755 4016 ratio
788 3951 874 4015 inter
907 3949 1063 4015 Nostrum
1096 3955 1129 4014 et
1163 3950 1245 4016 duos
