2684 4500
651 202 692 265 55

104 377 295 460 depromere
325 376 405 441 satis
439 397 513 441 eum
541 374 694 441 habuisse
724 395 826 458 supra
850 374 1071 459 comprobavi.
1124 375 1243 459 Neque

102 479 208 562 magis
229 476 312 543 illud
333 479 412 543 mihi
434 478 604 560 probatur,
627 477 716 560 quod
736 475 886 561 Opitzius
904 484 1146 562 commemorat,
1162 478 1243 562 Epi·

104 587 301 646 tomatorem
322 581 486 664 integram
507 581 687 664 periodum,
711 602 784 646 cum
807 601 847 645 ex
867 580 955 645 libro
983 580 1023 646 de
1046 580 1242 647 Caesaribus

104 682 339 749 transcriberet
363 684 458 770 (3,4),
494 704 666 748 numerum
688 704 836 749 sororum
866 681 1035 766 Caligulae
1068 683 1242 765 addidisse,

104 808 202 870 quem
223 787 277 851 vix
299 809 339 852 ex
361 785 467 851 alieno
491 785 581 850 fonte
605 787 779 870 sumpsisse
805 784 909 851 videri
928 785 1042 869 possit.
1078 783 1145 850 Sed
1169 808 1242 851 cum

103 910 202 972 supra
215 889 301 955 hune
318 906 447 972 quoque
461 908 631 953 numerum
644 888 680 952 in
692 889 759 970 illo,
775 909 838 971 quo
852 889 1060 972 Epitomator
1073 888 1239 962 utebatur,

103 991 261 1057 Suetonio
297 991 497 1073 adscriptum
524 989 624 1056 fuisse
657 992 863 1075 coniecerim,
893 991 975 1056 nihil
1002 990 1130 1074 obstat,
1162 991 1242 1074 quin

104 1094 367 1178 Epitomatorem
381 1093 526 1179 Victoris
547 1093 768 1159 narrationem
789 1093 851 1159 hoc
872 1113 1008 1159 numero
1029 1114 1068 1158 ex
1083 1094 1240 1161 Suetonio

103 1199 208 1281 petito
224 1197 437 1280 amplificasse
455 1196 631 1263 credamus.
663 1195 836 1279 Equidem,
851 1217 927 1261 nam
943 1216 1001 1279 ego
1018 1216 1144 1279 quoque
1161 1193 1241 1277 Epi-

103 1306 301 1365 tomatorem
322 1337 365 1348 —
387 1305 520 1382 praeter
541 1299 710 1369 Victorem
726 1336 769 1347 —
782 1299 930 1382 eundem,
953 1319 1049 1382 quem
1070 1298 1241 1368 Victorem

103 1400 290 1467 adhibuisse
312 1401 433 1468 fontem
447 1421 580 1485 paene
593 1423 786 1485 persuasum
800 1401 914 1484 habeo,
937 1403 1023 1466 hunc
1036 1401 1240 1484 potissimum

106 1504 214 1568 locum
249 1505 399 1588 respicio,
437 1525 501 1587 quo
534 1505 718 1593 'graviorem
756 1509 790 1570 et
824 1504 1073 1570 luculentiorem
1115 1503 1240 1568 nullum

104 1613 216 1672 extare
237 1614 328 1691 puto.

318 1779 379 1828 Epit.
399 1778 439 1832 s,4.
849 1779 893 1820 Dlo
912 1777 1027 1832 cr,r(1‚a).
1042 1777 1083 1823 ⁴⁸)

102 1862 237 1917 simulans
255 1880 289 1918 ea
307 1880 336 1919 se
354 1864 436 1930 velle,
458 1881 530 1934 quae
547 1865 645 1920 nollet.
689 1856 757 1923 πᾶν,
776 1860 792 1916 ὃ
809 1864 903 1931 ἐμίσει,
928 1866 1112 1928 προετείνετο.

226 2034 288 2077 caes
303 2034 340 2088 ar.
605 2036 669 2115 ppo
683 2033 722 2088 as.
874 2033 919 2075 mo
933 2033 978 2086 cnr
992 2028 1237 2086 (1-2)-zo'n.11,1.

101 2118 244 2174 Subdolus
272 2122 302 2174 et
324 2120 461 2175 occultior
486 2123 530 2176 bis
547 2121 627 2190 quasi
639 2121 774 2187 infensus,
788 2118 849 2188 qui·
874 2118 1005 2189 ὠργίζετό
1023 2140 1053 2172 τε
1071 2121 1102 2171 ἐν
1119 2117 1159 2174 ote
1180 2118 1236 2185 ἥκι-

100 2205 460 2275 hisquescepesimulsndc
485 2205 849 2274 busconsultumcupiebat,
874 2206 1237 2272 σταέθυμοῦτοκαὶέπιει-

99 2289 234 2357 infensus,
250 2307 321 2358 quae
336 2291 460 2344 maxime
486 2292 622 2359 hisvero,
649 2308 719 2359 quos
743 2289 848 2359 oderat,
873 2290 920 2357 κὴς
938 2293 968 2343 ἐν
985 2289 1027 2346 otc
1043 2289 1162 2358 μάλιστα
1170 2289 1235 2361 ἠγα-

100 2378 217 2444 cuperet
230 2380 259 2430 et
266 2376 400 2430 insidiose
413 2376 460 2430 de·
488 2377 568 2446 quasi
586 2377 734 2433 benivolus
758 2394 846 2447 appa·
872 2376 975 2436 νάκτει,
994 2375 1081 2430 ἐδόκει
1098 2376 1176 2431 εἶναι.

101 2462 186 2526 ditus,
204 2461 351 2531 quaesscdio
365 2466 456 2518 erant.
488 2480 560 2517 rens.

186 2614 315 2698 Nostri,
339 2638 413 2682 cum
434 2619 521 2683 inter
543 2637 578 2682 se
607 2637 711 2701 paene
745 2616 788 2681 ad
811 2615 947 2682 verbum
979 2617 1160 2698 concinant,
1198 2636 1236 2681 eo

101 2724 208 2783 tamen
229 2717 422 2801 discrepant,
447 2718 535 2802 quod
567 2739 614 2800 ea,
646 2739 732 2802 quae
755 2717 908 2783 Tiberius
937 2719 989 2783 vel
1010 2725 1151 2784 amasset
1183 2719 1235 2783 vel

100 2819 235 2904 odisset,
257 2821 342 2886 alter
363 2821 517 2902 homines,
541 2820 625 2885 alter
648 2841 699 2885 res
721 2820 821 2885 fuisse
834 2820 913 2885 vult.
948 2820 1068 2903 Itaque
1085 2818 1235 2905 Opitzius

100 2943 158 2986 suo
181 2923 253 2987 iure
275 2924 413 2988 coniecit
434 2923 515 2989 haee
538 2945 578 2990 ex
600 2922 714 2988 eodem
744 2923 874 2988 fluxisse
903 2923 1002 3004 fonte,
1035 2925 1069 2988 in
1099 2945 1162 3008 quo
1197 2947 1236 2990 ea

100 3045 184 3107 quae
199 3024 354 3090 Tiberius
375 3025 426 3090 vel
448 3046 565 3109 cupere
586 3025 637 3090 vel
658 3027 801 3091 aversari
824 3026 1018 3107 simulasset,
1040 3028 1231 3108 pronomine

100 3128 239 3194 relativo
264 3126 419 3211 „quibus“
443 3127 626 3210 significata
648 3133 763 3208 essent,
785 3129 894 3194 itaut
916 3129 1000 3194 alter
1022 3129 1056 3191 in
1071 3128 1133 3193 hoc
1147 3131 1234 3193 anci-

98 3229 161 3311 piti
190 3229 289 3294 verbo
318 3231 475 3312 homines,
506 3231 591 3295 alter
622 3252 674 3295 res
695 3230 799 3295 latere
827 3235 969 3313 putaret.
1022 3229 1087 3296 Sed
1116 3231 1235 3296 omissa

98 3332 160 3397 hac
192 3331 356 3414 probabili
389 3330 512 3415 Opitnii
550 3333 746 3414 coniectura,
776 3334 958 3420 quicunque
987 3332 1131 3398 Nostros
1161 3355 1234 3400 cum

97 3433 224 3515 Dionis,
248 3454 345 3520 quem
366 3435 604 3518 adscripsimus,
626 3435 698 3500 loco
721 3435 904 3516 contulerit,
927 3436 991 3500 hoc,
1019 3435 1091 3500 loco
1119 3435 1234 3519 Epito-

97 3541 253 3601 matorem
263 3538 391 3602 etiame
407 3537 496 3602 fonte
512 3537 656 3608 Victoris
668 3558 727 3602 sua
741 3537 896 3618 hausisse,
920 3539 997 3623 quin
1011 3536 1234 3604 intellecturus

98 3639 151 3719 sit,
167 3660 232 3704 non
255 3638 379 3705 dubito.
406 3638 489 3705 Cum
512 3641 597 3704 enim
618 3642 653 3704 in
673 3640 757 3705 libro
780 3640 821 3705 de
836 3638 1033 3705 Caesaribus
1051 3661 1091 3706 ex
1106 3641 1234 3707 duobus

98 3740 246 3806 membris
269 3747 395 3807 constet
411 3742 574 3823 circuitus,
591 3763 653 3828 quo
670 3741 793 3808 Tiberii
808 3742 1025 3808 dissimulatio
1040 3745 1231 3827 perstringi-

168 4001 212 4069 Η’)
233 3998 337 4054 Totum
359 3978 446 4054 velim
468 4000 596 4054 conferas
620 4000 723 4063 locum,
754 3999 830 4068 apud
849 3997 971 4053 Dionem
989 3996 1135 4066 scriptum,
1162 4015 1231 4052 nam

97 4085 158 4139 iere
176 4084 270 4140 omnia
288 4087 347 4141 eius
365 4084 454 4140 verba
472 4089 502 4139 et
519 4083 723 4153 Epitomatorie
743 4088 774 4139 et
793 4082 920 4139 Victoris
939 4082 1080 4137 simillima
1098 4085 1174 4140 sunt.

1042 4168 1076 4222 4*
