2684 4500
648 211 686 270 13

98 376 293 457 quibusdam
323 378 414 459 locis,
448 376 506 442 ubi
539 377 624 442 alter
657 375 699 440 ab
733 376 837 442 altero
876 381 1044 442 mutuatus
1081 398 1145 441 non
1181 377 1236 458 sit,

98 477 309 549 Woelfflinns
323 483 566 548 demonstravit.
598 481 730 562 Fateor,
746 502 942 564 quamquam
957 480 1039 545 tales
1054 480 1118 544 loci
1133 479 1241 544 multo

97 587 240 652 rariores
263 592 339 651 sunt
368 607 467 668 quam
489 582 680 649 Woelfflino
710 581 869 664 videntur,
899 604 975 646 nam
1006 603 1126 663 eorum,
1156 603 1238 665 quos

98 689 223 770 attulit,
250 709 400 770 magnam
428 693 557 770 partem
588 685 707 748 iniuria
720 684 774 769 ¹⁵)
802 685 865 748 huc
893 686 1032 751 rettulit.
1078 683 1144 750 Sed
1172 686 1240 768 pri·

96 813 189 856 mum
218 790 349 873 quidem
381 792 462 854 non*
482 795 632 854 constare
665 790 729 854 sibi
759 789 888 854 videtur
916 787 1133 861 Woelfflinns
1162 810 1240 852 nam

99 894 237 960 eandem
258 893 506 958 similitudinem
528 895 614 958 inter
635 891 776 958 Nostros
808 913 965 975 apparere
995 893 1109 956 docuit
1139 890 1238 954 etiam

97 1000 134 1071 in
157 998 395 1081 posterioribus
418 997 590 1080 capitibus
617 996 674 1061 ubi
696 997 956 1078 Epitomatorem
979 995 1116 1064 Victore
1144 1014 1240 1058 usum

97 1123 166 1167 non
189 1122 258 1166 esse
280 1121 374 1165 nemo
398 1105 448 1165 cst
471 1101 526 1183 qui
547 1105 654 1183 neget.
688 1100 784 1166 Unde
807 1100 939 1164 tandem
961 1099 1043 1163 haec
1058 1095 1241 1162 similitudo·

98 1209 175 1268 orta
197 1209 271 1270 est?
316 1201 399 1267 Cum
422 1202 631 1285 Epitomator
653 1223 780 1267 summa
802 1202 970 1284 diligentia
993 1221 1075 1283 quae
1097 1202 1132 1263 in
1154 1198 1235 1264 Cae·

97 1307 224 1372 saribus
246 1305 441 1386 inveniebat,
468 1306 502 1368 in
523 1307 646 1370 librum
669 1328 762 1370 suum
785 1305 957 1386 conferret,
988 1304 1060 1368 fieri
1089 1325 1155 1367 non
1182 1322 1237 1384 po·

97 1411 175 1492 tuit,
199 1410 276 1491 quin
298 1408 351 1472 hic
372 1409 441 1473 illic
462 1410 600 1492 vestigia
621 1409 720 1473 sontis
743 1409 829 1472 illins
851 1402 1066 1472 remanerent.
1104 1404 1237 1488 Quanta

99 1518 212 1577 autem
233 1512 411 1576 sedulitate
433 1510 629 1577 Caesaribus
645 1533 721 1576 usus
737 1513 790 1593 sit,
812 1512 874 1575 hoc
897 1532 937 1575 ex
957 1511 1030 1575 loco
1053 1507 1237 1592 apparebit.

303 1717 378 1766 Epis
392 1716 450 1770 11,6,
894 1715 1037 1768 Caes.1l,b.

126 1802 266 1858 Dehinc
284 1801 568 1856 atroxcaedibus
582 1802 645 1857 bo·
723 1801 863 1858 Dehinc
882 1799 1239 1856 atroxcaedibusbo·

96 1906 224 1943 norum
253 1887 441 1958 supplicia
470 1889 528 1956 agi
565 1905 643 1942 coe·
695 1907 821 1945 norum
839 1889 930 1957 (Caes.
955 1890 1034 1954 11‚1:
1060 1886 1239 1956 supplicia

96 1973 154 2042 pit
166 1989 199 2028 ao
211 1991 290 2028 more
304 1973 450 2044 Caligulae
463 1974 643 2027 dominum
696 1992 801 2043 agere
820 1974 950 2042 coepit;
972 1975 1049 2028 Caes.
1064 1973 1121 2037 11‚2
1134 1971 1239 2040 qnippe

97 2076 174 2113 sese
205 2060 376 2128 deumque
413 2059 484 2113 dici
521 2061 643 2128 coegit
695 2055 1243 2127 quisedominumdeumquedici

97 2146 296 2213 segnisque
315 2145 642 2202 ridicularemotis.
694 2145 1239 2216 coegeriszegnisqueridicule.

202 2281 300 2348 Talia
320 2283 458 2366 vestigia
481 2285 514 2348 in
550 2283 635 2348 libro
672 2284 883 2350 conscribendo
930 2305 1098 2349 remanere
1134 2303 1239 2367 posse,

98 2408 167 2451 non
189 2388 294 2451 solum
318 2409 357 2451 ex
378 2387 533 2472 Epitoma
556 2390 787 2472 cognoscimus
811 2390 901 2454 cuius
919 2389 1046 2453 auctori
1061 2385 1240 2451 Caesarum

99 2489 260 2553 vocabula
282 2488 364 2553 adeo
387 2489 588 2572 arridebant,
612 2497 650 2555 ut
673 2494 719 2556 eis
741 2492 819 2575 ipsis
834 2492 924 2574 locis,
947 2492 1005 2556 ubi
1026 2490 1100 2553 novi
1116 2487 1241 2570 aliquid

100 2591 230 2656 adicere
251 2590 390 2674 videtur,
425 2593 455 2657 ei
486 2595 521 2657 in
552 2600 695 2658 mentem
728 2595 884 2659 venirent.
930 2593 1037 2680 (Epit.
1070 2595 1153 2673 9,16
1186 2611 1240 2655 ex·

99 2692 338 2777 sanguis—Caes.
371 2700 467 2777 9,11;
505 2697 642 2760 saevitia
675 2693 998 2778 tyrannorum-Caes,
1039 2697 1139 2774 9,10)
1182 2692 1243 2757 sed

99 2797 182 2863 illud
205 2799 305 2863 etiam
326 2799 362 2862 in
383 2799 554 2881 Victorem
576 2799 692 2863 cadere
714 2799 868 2863 videmus.
912 2796 1000 2863 Nam
1031 2817 1104 2860 cum
1126 2794 1242 2861 Sueto-

187 2984 238 3056 ⁴¹¹⁵)
255 2985 331 3040 Nam
349 3003 421 3055 quae
441 2991 645 3040 commemorat
663 2986 751 3039 verba
771 2986 893 3054 „absque
913 2985 1060 3054 Augusto“
1080 2983 1167 3052 (Epit.
1180 2985 1239 3053 ab)

104 3089 141 3126 ex
160 3071 328 3127 Caesaribus
346 3071 489 3130 fluxerunt
507 3072 600 3142 (Caes.
619 3073 643 3136 8,
651 3071 686 3137 7),
706 3087 830 3125 asserere
842 3071 932 3141 (Epir.
951 3072 975 3138 3,
983 3072 1012 3138 5)
1025 3071 1101 3124 idem
1114 3070 1239 3124 Caesari·

101 3156 157 3210 bus
175 3157 298 3211 debetur
316 3157 408 3225 (Caes.
426 3157 517 3225 3,10);
539 3173 632 3225 neque
655 3157 747 3225 magis
775 3157 892 3226 „igitur“
921 3157 1012 3224 (Epit.
1032 3157 1125 3224 ran)
1150 3159 1179 3209 et
1204 3172 1242 3209 ne

103 3241 188 3308 „satis
207 3245 333 3295 constat“
353 3243 470 3311 quidem
491 3241 581 3310 (Epis.
604 3241 664 3310 9,7)
682 3242 718 3295 ab
743 3242 944 3310 Epitomatore
968 3241 1066 3295 addita
1092 3244 1164 3303 sunt,
1190 3239 1242 3294 sed

101 3327 173 3381 haec
191 3328 287 3382 omnia
304 3327 334 3381 in
352 3327 519 3382 Caesaribus
537 3327 668 3397 reperies.
705 3328 870 3395 „Advento“
890 3327 1020 3395 denique,
1039 3329 1115 3396 quod
1133 3327 1246 3382 (laeso

100 3416 132 3467 et
149 3411 229 3488 Epit.
251 3414 267 3466 5
291 3417 387 3468 extare
410 3413 592 3468 Woelfflinus
616 3413 855 3477 commemoravit,
887 3414 1019 3483 equidem
1047 3431 1105 3467 non
1131 3413 1245 3479 inveni3

100 3501 189 3554 immo
208 3499 310 3555 Victor
329 3501 417 3570 (5,16)
437 3502 593 3568 „adventu“
616 3502 739 3564 exhibet,
761 3518 824 3554 cum
843 3500 1024 3569 Epitomator
1043 3501 1080 3567 (b,
1088 3500 1117 3567 7)
1137 3500 1239 3553 adven-

102 3585 185 3640 tandi
203 3586 290 3639 verbo
300 3590 437 3644 uteretur.
474 3586 578 3656 Itaque
591 3586 663 3640 nihil
680 3587 739 3641 sere
752 3590 849 3650 restat,
865 3585 940 3653 quod
953 3602 1009 3638 non
1020 3585 1056 3638 ad
1071 3602 1143 3650 eum,
1157 3603 1241 3654 quem

103 3687 156 3724 nos
174 3670 320 3739 habemus,
338 3671 443 3726 librum
465 3673 500 3726 de
518 3673 683 3727 Caesaribus
701 3674 800 3728 referri
812 3673 908 3742 possit.
935 3671 1036 3726 Cetera
1048 3671 1241 3741 Epitomstori

102 3757 210 3810 librum
248 3758 284 3810 de
320 3757 487 3812 Caesaribus
537 3759 661 3812 imitanti
698 3761 851 3815 tribuenda
882 3763 956 3815 sunt.
1005 3759 1088 3827 Quod
1125 3758 1241 3825 quidem

103 3842 195 3912 (Epir.
214 3843 294 3911 9,17)
307 3842 514 3912 Vespasianum
532 3849 675 3899 mortuum
694 3862 752 3900 esse
770 3845 859 3899 tradit
871 3863 976 3900 annum
988 3850 1128 3916 agentem,
1147 3843 1245 3913 „vitae-

103 3929 242 4000 „absqnd‘
261 3946 317 3983 uno
337 3931 565 3999 octogesimum“‚
583 3931 650 3984 libri
669 3933 705 3985 de
724 3931 890 3985 Caesaribus
908 3935 1055 3986 auctorem
1080 3932 1182 3984 ducem
1200 3946 1242 3984 se-

104 4018 188 4069 cutus
207 4019 258 4086 est,
280 4016 329 4083 qui
353 4015 531 4070 Hadrianum
556 4018 709 4073 decessisse
736 4020 795 4073 vita
818 4021 918 4072 narrat
941 4017 1049 4086 (14‚12)
1075 4034 1166 4084 „anno
1188 4016 1242 4070 im·

103 4100 176 4170 perii
194 4101 333 4171 „absque“
351 4118 448 4156 mense
465 4102 612 4159 vicessimo
631 4106 780 4159 recundo“.
