2684 4500
656 180 696 241 12

105 365 177 424 tum
198 355 288 435 illud,
312 352 401 437 quod
422 371 521 434 saepe
542 351 609 416 iam
630 350 753 414 tirones
767 343 901 412 fortuna
923 347 1064 430 quadam
1079 348 1184 412 adiuti
1200 348 1245 428 id,

106 459 193 543 quod
215 455 462 540 sapientissimis
485 461 518 521 et
540 452 735 519 doctissimis
757 451 863 514 minus
886 451 1077 532 contigerat,
1110 451 1246 534 expedi·

105 566 229 628 verunt.
274 563 349 644 Ipse
372 564 490 640 antem,
514 578 587 622 cum
601 554 680 639 quid
694 553 833 618 sentiam
848 552 935 617 infra
951 555 1155 636 expositurus
1172 554 1242 635 sim,

105 665 261 730 hocloco
284 663 363 727 satis
385 661 490 726 habeo
514 656 880 740 docere,Woellllinum,
902 662 1077 739 postquam
1099 657 1244 722 luculen-

105 768 151 832 tis
175 765 330 847 exemplis
352 785 452 847 genus
476 763 605 828 dicendi
627 762 794 843 utriusque
817 760 959 825 auctoris
982 760 1143 824 diversum
1176 779 1248 823 esse

106 868 350 948 demonstravit,
374 888 438 931 non
460 871 550 931 recte
571 864 647 930 inde
671 863 875 946 conclusisse,
898 885 963 928 11011
977 885 1072 945 posse
1087 900 1128 909 —
1144 862 1249 939 ipsius

104 971 204 1036 verba
226 977 259 1035 in
280 970 366 1034 hanc
386 968 530 1051 linguam
552 967 715 1033 translata
744 972 944 1049 usurpantur
967 1005 1003 1016 -
1031 973 1088 1030 aut
1118 972 1246 1029 utrum-

107 1096 170 1158 que
192 1073 315 1138 librum
331 1071 374 1136 ad
397 1072 531 1136 eundem
555 1077 720 1135 auctorem
742 1071 857 1135 referri
878 1074 936 1135 aut
958 1069 1096 1134 alterum
1129 1069 1170 1132 ab
1199 1066 1245 1132 al·

106 1184 178 1243 tero
202 1179 390 1257 excerptum
412 1193 491 1239 esse.
537 1170 649 1254 Quid?
680 1171 716 1238 Si
738 1195 840 1238 unum
861 1174 955 1239 nobis
970 1173 1140 1256 probatur,
1164 1171 1247 1235 alte-

105 1302 180 1345 rum
202 1297 329 1361 quoque
351 1297 410 1359 pro
434 1280 523 1340 certo
545 1275 723 1341 habeamus
746 1297 876 1342 necesse
900 1275 972 1341 est?
1010 1275 1099 1339 Luce
1123 1274 1243 1338 clarius

102 1381 187 1446 illud
208 1379 340 1463 quidem
361 1379 498 1458 videtur,
522 1378 594 1444 fieri
616 1399 680 1443 11011
701 1386 859 1462 possent
880 1380 966 1443 idem
980 1400 1089 1442 rerum
1105 1379 1246 1461 scriptor

105 1486 245 1550 alterum
267 1483 387 1548 librum
411 1483 518 1547 colore
541 1481 750 1565 Sallustiano,
775 1485 864 1548 cuins
893 1482 1030 1564 vestigia
1059 1483 1244 1564 saepissime

103 1591 272 1671 apparent,
295 1587 474 1669 scripserit,
498 1586 638 1651 alterum
661 1588 799 1669 triginta
821 1587 913 1650 annis
936 1591 1011 1668 post
1028 1605 1161 1666 prorsus
1177 1586 1243 1650 alio

103 1676 233 1755 dicendi
255 1709 372 1772 genere
395 1691 622 1772 composuerit.
667 1689 733 1756 Sed
755 1711 812 1753 our
836 1689 975 1754 alterum
992 1689 1184 1769 scriptorem
1200 1688 1241 1752 ab

103 1793 208 1858 altero
230 1797 417 1857 mutuatum
439 1815 507 1858 esse
531 1814 595 1857 non
618 1792 808 1857 credamus?
843 1790 932 1874 Quid
954 1791 1088 1856 tandem
1103 1789 1242 1855 Woelff-

102 1894 189 1959 linus
223 1895 293 1978 ipse
328 1896 472 1961 statuit?
516 1895 703 1979 Utrumque
735 1896 855 1960 librum
888 1916 928 1959 ex
962 1895 1075 1959 eodem
1108 1893 1242 1958 fluxisse

101 1997 193 2062 fonte
215 2000 391 2065 contendit.
436 1999 487 2064 At
516 1999 587 2064 fons
620 1999 685 2081 ille,
720 2020 816 2082 quem
849 1999 1003 2081 opinatur
1034 1994 1240 2076 Woefflinus,

101 2101 202 2184 ipsius
224 2102 344 2166 iudicio
368 2099 517 2166 Sallustii
538 2102 675 2184 vestigia
697 2103 793 2166 etiam
814 2101 917 2166 multo
951 2100 1081 2182 saepius
1110 2098 1241 2180 pressit.

104 2203 199 2270 Unde
221 2204 322 2286 igitur
344 2205 515 2269 diversitas
548 2204 606 2269 illa
638 2207 724 2270 inter
755 2204 876 2268 librum
913 2204 955 2268 de
976 2201 1171 2268 Caesaribus
1208 2205 1244 2264 et

103 2307 279 2390 Epitomen
302 2311 376 2371 orta
400 2305 473 2372 est?
518 2306 636 2373 Nonne
657 2308 869 2392 Epitomator
903 2307 996 2388 quasi
1029 2305 1109 2369 data
1142 2323 1243 2386 opera

101 2409 248 2479 Victoris
269 2409 357 2473 illius
381 2409 537 2492 optimam
559 2410 721 2475 scribendi
747 2415 907 2474 rationem
941 2416 1099 2491 quantum
1132 2408 1244 2490 potuit

100 2513 294 2595 depravasse
326 2512 491 2594 putandus
530 2517 607 2578 est?
659 2513 736 2579 Non
769 2532 946 2595 pronomen
988 2512 1071 2576 illud
1105 2512 1241 2591 „suum“

102 2614 189 2698 quod
211 2615 342 2696 saepius
365 2620 399 2679 et
423 2620 555 2698 praeter
578 2615 840 2683 consuetudinem
869 2615 1054 2681 adhibitum
1076 2610 1242 2678 Woelffli-

99 2716 227 2802 nus14)
251 2737 308 2781 suo
330 2717 403 2782 iure
425 2719 648 2802 Epitomatori
669 2720 749 2784 vitio
772 2719 880 2800 vertit,
903 2719 938 2783 111
959 2720 1029 2801 ipso
1045 2718 1101 2781 illo
1117 2717 1239 2781 11110111-

98 2841 170 2884 mus
191 2819 263 2884 loco
286 2819 389 2903 (Epit.
414 2825 473 2901 3,4
495 2842 620 2887 sorores
642 2820 842 2890 suas-Caes.
865 2827 966 2905 3,10:
990 2821 1165 2905 sororum),
1180 2820 1240 2884 nbi

101 2925 295 2985 Nostrorum
318 2943 490 2988 consensus
513 2925 713 2990 certissimus
741 2930 908 3007 appareat,
942 2925 992 2989 ita
1024 2933 1060 2988 ut
1094 2923 1240 2987 dubitari

99 3045 165 3089 11011
187 3025 300 3107 possit,
323 3024 402 3106 quin
424 3026 633 3109 Epitomator
664 3028 752 3092 mala
785 3049 845 3092 sna
878 3028 1018 3092 artificia
1051 3028 1085 3091 in
1117 3027 1239 3092 bonum

98 3127 198 3191 fontis
219 3127 269 3191 sui
292 3126 421 3193 dicendi
447 3151 544 3213 genus
572 3131 793 3216 transtulerit,
830 3152 895 3195 11011
930 3131 1009 3194 item
1042 3131 1172 3193 nomina
1203 3129 1240 3192 in

99 3227 295 3293 Caesaribus
318 3251 408 3296 more
431 3231 629 3298 Sallustiano
650 3236 759 3317 posita
782 3232 891 3319 (Caes.
914 3234 1010 3319 4,15)
1041 3232 1130 3316 apud
1156 3231 1237 3314 Epi-

99 3337 296 3397 tomatorem
318 3333 430 3398 ordine
451 3336 580 3401 inversa
601 3336 806 3403 invenimus?
851 3335 971 3418 Itaque
1001 3335 1082 3398 nihil
1116 3335 1239 3417 obstat,

97 3435 177 3517 quin
200 3434 461 3518 Eqitomatorem
490 3439 598 3522 ipsum
630 3439 753 3504 librum
786 3437 827 3502 de
850 3436 1044 3502 Caesaribus
1078 3439 1112 3502 111
1143 3459 1241 3502 usum

97 3558 229 3602 vocasse
251 3537 437 3604 iudicemur,

194 3640 257 3705 Aa
293 3641 537 3708 similitudinem
559 3643 721 3726 quandam
743 3649 856 3711 extare
877 3646 963 3711 inter
977 3645 1118 3711 Nostros
1136 3645 1240 3709 etiam

188 3861 232 3931 ¹⁴)
251 3860 430 3932 Quemquam
458 3863 622 3920 Germanici
646 3866 745 3921 fratris
775 3867 851 3931 ‚,sui“
877 3867 966 3937 (Epit.
992 3865 1235 3936 1101100111-

96 3964 148 4000 nus
166 3947 268 4002 iniuria
285 3954 407 4016 accusat,
426 3953 560 4019 quoniam
581 3951 684 4006 Noster
701 3953 772 4011 haec
792 3953 882 4008 verba
909 3974 944 4012 ex
963 3955 1104 4013 Suetonio
1125 3952 1237 4024 (Claud.

95 4031 143 4102 26)
162 4032 346 4104 deprompsit.
