2684 4500
691 156 733 217 26

149 331 214 405 tur,
238 323 295 387 sed
308 343 365 386 eae
379 328 506 386 tantum
518 322 726 408 periodorum
740 331 855 410 partes
872 325 1109 402 omitterentur,
1127 342 1215 402 quae
1231 340 1292 382 me-

150 427 254 491 moria
266 425 363 509 digna
374 447 439 490 non
451 424 648 506 viderentur,
661 466 704 476 —
724 450 764 492 ne
776 427 809 491 id
822 428 954 509 quidem
965 449 1076 491 verum
1089 446 1159 490 esse
1173 431 1294 510 potest.

235 528 324 594 Nam
352 529 533 614 permultae
556 530 682 614 periodi
720 531 762 595 ad
798 531 933 596 verbum
965 536 1179 612 congruentes
1205 529 1292 615 apud

150 637 320 714 utrumque
342 635 534 720 scriptorem
556 634 774 701 inveniuntur.
821 632 887 716 Qui
909 635 1017 716 igitur,
1057 653 1187 716 quaeso,
1227 633 1295 696 fieri

150 741 270 822 potest,
300 743 338 801 ut
361 738 450 801 etin
472 737 557 801 libro
581 735 621 800 de
644 735 842 803 Caesaribus
869 744 902 802 et
925 737 1013 824 apud
1035 738 1293 822 Epitometorem

150 839 296 921 integrae
309 838 435 924 periodi
453 839 598 920 redeant,
615 861 687 904 curn
707 841 761 904 hic
775 841 865 904 illurn
877 842 1006 905 omnino
1019 861 1084 904 non
1095 841 1293 924 inspexerit,

151 941 274 1006 scilicet
301 941 388 1022 quod
410 942 485 1006 illae
508 942 636 1025 periodi
667 946 729 1007 iam
759 943 846 1026 apud
869 943 1035 1008 Victorem
1065 943 1209 1025 scriptae
1244 963 1295 1005 ex·

151 1044 276 1108 tabant.
336 1043 456 1126 Itaque
496 1066 600 1128 neque
630 1052 742 1128 partes
780 1047 920 1128 capitum
953 1067 1058 1128 neque
1088 1044 1294 1128 periodorum

152 1147 420 1228 a„breviatore“
445 1149 575 1212 omissas
599 1170 678 1231 esse,
703 1149 736 1213 id
768 1156 818 1213 est
839 1149 988 1217 Victoris
1020 1149 1135 1214 librum
1168 1150 1294 1213 omnino

151 1271 216 1315 non
239 1255 423 1332 excerptum
446 1257 479 1315 et
502 1272 578 1334 eum,
603 1273 696 1333 quem
717 1274 776 1317 nos
798 1252 961 1332 habemus,
977 1253 1135 1336 integrum
1154 1272 1226 1315 esse
1242 1251 1294 1314 de·

151 1357 345 1416 monstrasse
380 1353 474 1417 nobis
506 1354 723 1440 ridemur23).
769 1353 938 1420 Corruunt
960 1357 1060 1439 igitur
1097 1355 1202 1418 omnia
1236 1355 1292 1418 illa

152 1454 293 1520 artificia
316 1476 335 1518 a
357 1455 433 1520 viris
456 1455 560 1521 doctis
583 1457 618 1521 in
639 1457 845 1523 fundamento
884 1459 1084 1524 debilissimo
1111 1463 1290 1524 exstructa.

216 1556 282 1624 Sed
304 1558 366 1620 iam
387 1579 428 1622 ne
445 1559 527 1622 nihil
550 1561 612 1625 nisi
634 1561 767 1625 aliorum
783 1564 963 1627 sententias
980 1563 1106 1627 diluere
1130 1564 1295 1628 videamur

150 1660 215 1742 ipsi
238 1680 378 1742 quoque,
402 1661 519 1742 quibus
543 1683 583 1727 ex
605 1662 748 1728 fontibus
769 1670 908 1746 uterque
932 1667 1073 1748 scriptor
1095 1687 1154 1730 sua
1178 1667 1292 1732 hause-

151 1764 206 1844 rit,
228 1763 440 1844 inquiramus

621 1857 829 1866 ’.κ-

605 1902 743 2004 Caput
778 1903 846 1983 IV.

260 2020 313 2089 Ac
335 2026 467 2108 primum
490 2024 626 2107 quidem,
658 2024 825 2107 Epitomes
855 2021 1002 2086 undecim
1033 2023 1144 2105 capita
1171 2025 1291 2106 priora,

152 2129 272 2212 quibus
296 2129 504 2194 extantibus
527 2127 677 2192 derivata
699 2128 773 2207 sint,
796 2125 970 2191 videamus.

241 2286 285 2351 ²³)
305 2282 504 2338 Woelfflinum
534 2283 627 2350 ipsum
658 2295 770 2347 quoque
801 2279 972 2334 sententiam
995 2296 1088 2333 meam
1105 2279 1291 2349 probaturum

153 2385 213 2422 esse
231 2385 322 2437 spero.
358 2367 436 2422 Duos
455 2369 531 2422 enim
558 2371 671 2420 tantum
689 2366 811 2435 protulit
839 2367 916 2420 loces
945 2365 1031 2434 (aab
1051 2365 1105 2419 fuit
1132 2366 1209 2420 enim
1227 2384 1293 2435 pau·

155 2454 247 2508 lulum
277 2455 438 2523 impatiens,
468 2454 570 2508 leviter
586 2453 744 2517 iracundus,
775 2454 886 2506 occulte
904 2453 1023 2522 invidus,
1041 2453 1137 2522 palam
1154 2453 1293 2519 factiosus,

153 2557 242 2609 porro
273 2545 367 2595 autem
398 2539 564 2595 dominandi
591 2555 676 2607 supra
704 2555 788 2604 quam
807 2539 951 2592 aestimari
975 2543 1079 2608 potest,
1109 2539 1293 2603 avidissimus,

154 2629 185 2679 et
201 2626 260 2694 245
278 2626 393 2697 ingenio
411 2629 539 2696 pessimo,
559 2625 632 2678 truci
650 2642 744 2691 avaro,
762 2623 912 2692 insidioso)
932 2642 1054 2693 quorum
1072 2643 1162 2694 genus
1180 2623 1293 2680 dicendi

154 2712 257 2765 melius
274 2712 406 2766 videatur
424 2730 489 2779 esse,
509 2728 592 2779 quam
610 2714 642 2765 ut
655 2709 847 2779 Epitomatori
864 2708 1028 2765 vindicandi
1048 2710 1103 2764 sint
1113 2715 1143 2765 et
1161 2711 1218 2779 qui,
1232 2727 1294 2765 cum

154 2798 326 2866 praesertim
345 2798 469 2852 colorem
500 2797 706 2851 Sallustianum
735 2813 805 2865 prae
836 2812 866 2849 se
884 2795 985 2860 ferent,
1017 2813 1102 2865 quem
1119 2797 1150 2850 in
1168 2796 1243 2851 libro
1261 2797 1295 2850 de

148 2884 321 2938 Caesaribus
352 2900 489 2953 apparere
508 2880 686 2937 Woelffliuus
713 2881 931 2950 demonstravit,
950 2883 1064 2938 Victori
1093 2882 1133 2936 illi
1151 2881 1295 2936 tribuendi

154 2969 221 3024 sint.
241 2969 367 3039 Quorum
380 2970 506 3023 locorum
519 2969 614 3022 stilum
633 2967 668 3021 ab
678 2966 884 3036 Epitomatoris
894 2985 998 3037 genere
1010 2969 1123 3024 dicendi
1134 2968 1296 3033 abhorrere,

154 3054 248 3110 fateor
260 3058 345 3123 atque
359 3054 492 3109 concedo.
506 3054 563 3109 Sed
574 3054 693 3108 fortasse
711 3055 741 3107 hi
759 3055 813 3124 ipsi
826 3054 882 3108 loci
895 3054 1049 3109 scribarum
1062 3055 1132 3110 vitio
1145 3071 1161 3107 e
1173 3054 1248 3108 libro
1262 3054 1296 3107 de

155 3139 323 3196 Caesaribus
358 3140 527 3195 exciderunt
551 3144 581 3194 et
598 3139 683 3194 etiam
702 3143 789 3208 atque
811 3139 896 3193 etiam
914 3157 1016 3194 moneo
1034 3158 1091 3194 uno
1110 3140 1184 3194 libro
1203 3139 1296 3193 adhuc

154 3229 197 3296 (et
215 3244 290 3281 nunc
310 3228 418 3282 duobus
436 3226 527 3294 libris)
544 3229 639 3281 totum
656 3226 791 3280 libellum
808 3227 869 3280 niti.
888 3225 970 3280 Licet
988 3227 1062 3281 enim
1080 3226 1206 3295 cogitare
1226 3243 1298 3290 eum,

156 3311 206 3383 qui
224 3312 353 3384 Origines
381 3318 410 3368 et
435 3313 540 3367 librum
558 3313 594 3367 de
612 3313 681 3367 viris
697 3313 862 3368 illustribus
880 3317 909 3366 et
926 3312 1056 3367 libellum
1076 3311 1111 3365 de
1130 3311 1297 3366 Caesaribus

157 3400 345 3466 coniunxerit,
385 3403 430 3470 (ut
457 3402 534 3455 etin
551 3401 649 3456 codice
667 3399 848 3455 Bruxelleusi
867 3405 896 3453 et
921 3398 952 3452 in
969 3398 1127 3454 Bodleiano
1146 3397 1297 3464 videmus),

157 3487 204 3542 ita
232 3491 265 3542 ut
294 3488 357 3541 loco
387 3488 472 3556 primi
501 3489 603 3557 capitis
632 3487 774 3554 „vimrum
791 3484 962 3538 illustrium“
982 3483 1116 3554 Origines
1135 3490 1298 3554 usurparet,

145 3572 201 3626 *ita
212 3590 274 3626 cum
287 3573 386 3627 iamin
405 3574 479 3628 libro
493 3575 528 3627 de
540 3573 608 3628 viris
620 3571 779 3627 illustribus
800 3570 876 3638 (Vir.
888 3571 928 3624 ill.
946 3572 989 3641 79)
1003 3568 1129 3640 Augusti
1140 3587 1185 3624 res
1203 3573 1298 3640 gestae

157 3661 293 3712 narratae
312 3661 412 3724 essent,
438 3660 562 3728 primum
580 3659 733 3713 Caesarum
753 3660 839 3726 caput
856 3657 1010 3712 mutilasse.
1046 3655 1128 3726 Quod
1146 3659 1244 3710 autem
1262 3653 1299 3708 ad

147 3746 283 3800 :alterum
313 3746 409 3800 locum
439 3747 550 3812 attinet,
579 3745 656 3799 intra
685 3743 931 3798 demonstraturus
961 3760 1022 3797 sum
1046 3742 1133 3796 etiam
1150 3741 1240 3796 verba
1258 3758 1299 3795 se-

159 3833 275 3900 quentia
299 3833 451 3897 „simulans
470 3848 503 3886 ea
521 3847 551 3883 se
568 3829 644 3885 velle
662 3844 735 3896 quae
753 3829 869 3895 nollet“,
898 3829 1018 3897 quaein
1037 3827 1206 3883 Caesaribus
1225 3828 1300 3882 desi·

152 3919 305 3986 derantur,
323 3935 381 3972 non
399 3918 435 3972 ab
453 3916 653 3987 Epitomatore
672 3915 784 3969 adiecta
801 3913 852 3968 sed
870 3913 911 3967 ita
927 3918 960 3968 ut
977 3917 1067 3970 totam
1083 3915 1236 3985 periodum
1246 3913 1298 3968 Di·

150 4021 262 4060 ·oneam
290 4005 384 4060 videri
413 4021 481 4060 esse.
529 4003 594 4058 Hoc
621 4017 732 4071 quoque
761 3998 894 4055 videlicet
911 3999 977 4055 huie
995 4002 1152 4056 sententiae
1171 4001 1251 4058 favet
1270 4006 1300 4056 et

158 4090 265 4147 librum
280 4092 316 4147 de
335 4090 503 4146 Caesaribus
520 4089 575 4144 hoc
592 4089 655 4144 loco
674 4088 784 4142 salvum
801 4103 858 4141 non
877 4103 936 4141 esse
955 4093 1080 4143 accusat.
1097 4125 1099 4129 ι
