2684 4500
653 133 699 194 28·

103 311 216 370 autem
246 303 293 368 ibi
315 310 450 368 narrata
472 302 502 367 ei
524 300 672 366 sufficere
694 322 759 366 non
780 300 978 382 viderentur,
1008 301 1165 368 Suetonio
1189 301 1243 365 ad·

101 409 207 475 hibito
224 407 381 494 expleret.
418 406 604 492 Exscripsit
619 405 742 487 quidem
758 406 793 470 in
806 406 875 470 vita
890 404 1021 470 Claudii
1044 404 1148 490 (Epit.
1160 407 1191 485 4,
1208 407 1243 489 6)

100 511 266 581 Victorem
291 509 400 592 (Caes.
422 513 453 591 4,
477 509 526 595 2),
551 529 619 573 cum
642 508 767 572 nimiam
781 510 960 595 potentiam
982 508 1023 572 ab
1045 508 1171 573 infirmo
1187 508 1244 573 illo

99 617 292 702 imperatore
312 613 502 679 libertorum
525 613 616 695 gregi
642 631 823 677 concessam
845 614 1089 700 perstringeret,
1123 612 1181 677 sed
1210 613 1242 676 iu

99 718 151 783 his
174 715 439 801 acquiescendum
461 737 526 781 uon
549 735 619 780 esse
644 723 746 798 ratus,
770 715 959 782 Suetonium
969 715 1102 802 (Claud.
1117 719 1184 799 28.)
1210 715 1243 779 in

99 841 189 886 usum
210 821 345 901 vocavit,
383 840 423 884 ex
445 839 509 901 quo
535 818 685 884 disertam
712 820 872 903 quandam
894 821 1082 886 libertorum
1103 819 1243 899 illorum,

100 944 183 1008 quos
197 923 316 993 Victor
330 921 422 987 modo
437 922 641 1004 significavit,
658 922 906 1011 descriptionem
922 923 1115 1009 desumpsit3
1139 940 1244 1002 eaque

100 1026 264 1112 exscripta
301 1025 344 1090 ad
380 1024 546 1094 Victorem
582 1027 764 1091 revertitur.
814 1026 897 1092 Item
928 1028 984 1107 eis,
1018 1045 1103 1109 quae
1125 1023 1244 1092 Victor

99 1128 207 1214 (caes.
230 1136 259 1213 5,
283 1129 435 1217 effipia.
459 1133 489 1211 5,
505 1129 539 1215 2)
576 1129 617 1194 de
638 1127 780 1195 Neronis
820 1128 1038 1214 quinquennio
1061 1127 1244 1216 praedicat,

100 1231 300 1300 Suetoniana
321 1233 418 1298 haec:
456 1233 531 1316 „hie
565 1234 599 1297 in
629 1236 709 1297 urbe
749 1233 1017 1320 amphitheatrum
1050 1238 1084 1298 et
1112 1232 1244 1296 lavacra

99 1337 301 1402 construxit“
322 1337 445 1403 inserit.
496 1335 682 1419 Eademque
715 1341 765 1401 est
798 1357 850 1400 res
884 1337 919 1400 in
955 1335 1134 1400 Domitiani
1163 1336 1243 1416 vita,

99 1461 200 1524 quem,
223 1459 291 1504 oum
313 1439 518 1526 Epitomator
540 1442 610 1526 (11,
634 1443 669 1518 2)
691 1439 856 1508 Victorem
871 1445 1000 1504 secutus
1024 1442 1093 1522 (11,
1107 1442 1141 1519 3)
1156 1438 1242 1503 domi

98 1544 240 1626 bellique
262 1542 432 1629 praeclare
455 1563 490 1607 se
512 1544 648 1628 gessisse
666 1548 841 1626 narrasset,
865 1563 934 1607 cum
958 1543 1151 1607 domesticae
1174 1542 1244 1606 eius

97 1646 231 1712 virtutis
255 1646 431 1732 exemplum
453 1646 542 1732 apud
563 1647 652 1710 illum
679 1646 799 1710 nullum
832 1647 1001 1728 inveniret,
1035 1645 1136 1711 verba
1168 1645 1243 1727 „ius

99 1750 289 1833 aequissime
313 1748 419 1813 dixit“
443 1770 483 1814 ex
505 1749 661 1815 Suetonio
684 1749 863 1816 admiscuit.

186 1852 252 1918 Sed
274 1851 352 1936 quid
374 1851 507 1918 multa?
537 1850 728 1935 Quicunque
742 1847 929 1936 Epitomeu',
956 1851 1136 1934 Victorem,
1159 1850 1244 1918 Sue·

97 1958 225 2022 toninm
256 1956 343 2021 inter
376 1977 411 2021 se
433 1956 680 2041 comparaverit,
716 1977 786 2021 rem
808 1957 866 2038 ita,
901 1957 987 2020 siout
1020 1956 1172 2039 exposui,
1208 1976 1244 2020 se

98 2059 219 2126 habere
234 2060 410 2144 perspiciet
431 2065 465 2126 et
493 2060 588 2126 facile
613 2081 728 2126 causas
742 2059 974 2143 deprehendet,
999 2080 1055 2124 cur
1070 2059 1241 2142 Epitoma·

72 2243 74 2247 Α
98 2170 151 2229 tor
173 2162 217 2228 ad
245 2162 366 2248 librum
390 2162 431 2227 de
454 2164 649 2229 caesaribus
672 2163 860 2230 Suetonium
881 2163 1080 2230 adhibuerit.
1125 2158 1243 2243 Quid?

99 2264 196 2349 Quod
226 2265 436 2355 Epitomator
458 2267 550 2348 quasi
572 2265 653 2332 data
677 2286 786 2349 opera,
816 2287 857 2331 ne
880 2266 1003 2349 posteri
1036 2265 1242 2343 fallerentur,

98 2369 284 2452 ubicunque
305 2367 396 2433 fonte
418 2367 524 2434 altero
558 2369 707 2451 neglecto
738 2369 881 2434 alterum
903 2369 1079 2452 usurpavit,
1101 2367 1242 2432 vicissim

97 2472 289 2557 pronomina
318 2471 370 2537 vel
401 2472 492 2554 „hie“
525 2472 574 2537 vel
609 2471 711 2552 „iste“
732 2472 873 2550 periodis
905 2471 1103 2555 praeposuit,
1132 2471 1182 2535 ita
1203 2476 1242 2541 ut

98 2596 183 2661 quae
205 2576 295 2641 intra
315 2575 398 2640 haec
420 2575 484 2642 duo
498 2574 691 2659 pronomina
713 2575 908 2659 legerentur,
930 2577 981 2641 vel
1003 2574 1046 2639 ad
1068 2574 1241 2642 Victorem

97 2680 149 2745 vel
181 2678 224 2745 ad
253 2678 446 2745 Suetonium
476 2679 690 2763 pertinerent.
736 2678 940 2764 Quamquam
974 2677 1140 2744 interdum
1170 2699 1241 2743 rem

99 2783 200 2847 etiam
232 2783 283 2848 ita
304 2783 555 2866 administravit,
578 2788 617 2847 ut
650 2788 684 2847 et
706 2782 855 2851 Victoris
877 2789 911 2848 et
942 2779 1091 2847 Suetonii
1121 2801 1241 2848 memo-

99 2886 184 2951 riam
205 2883 399 2950 confuudere
422 2890 605 2952 conaretur.

186 2985 288 3054 Cuius
310 2988 359 3053 rei
381 2988 596 3054 clarissimum
619 2989 687 3055 fere
705 2989 892 3080 exemplum
914 2989 976 3054 hoc
1000 2993 1065 3058 est:
1109 2987 1150 3054 In
1172 2989 1242 3054 vita

98 3092 185 3157 enim
206 3090 284 3157 vTiti
314 3090 392 3169 (Tit.
415 3095 451 3171 9)
480 3089 657 3158 Suetonius
687 3092 769 3158 haec
798 3098 931 3160 narrat:
966 3092 1079 3174 „Duos
1107 3091 1241 3175 patricii

96 3262 137 3316 ita
165 3261 224 3317 fere
243 3262 309 3332 egit,
329 3267 363 3318 ut
391 3263 422 3317 iu
444 3265 529 3318 rebus
547 3263 697 3319 narrandis
716 3264 846 3333 eundem,
870 3281 954 3333 quem
974 3264 1082 3331 Victor,
1102 3265 1242 3330 ordinem,

98 3353 227 3403 servaret
257 3352 286 3404 et
313 3347 364 3402 ubi
382 3348 484 3404 Victor
500 3366 546 3404 res
563 3350 690 3405 breviter
707 3350 925 3420 perstrinxerat,
944 3367 980 3404 ex
999 3349 1143 3414 Suetonio,
1162 3350 1243 3405 euius

96 3432 227 3488 ordinem
245 3433 276 3489 in
293 3436 445 3490 narrandis
461 3438 544 3491 rebus
555 3435 640 3506 plane
650 3436 788 3508 neglexit,
806 3438 973 3507 compleret.
1008 3438 1042 3490 In
1054 3436 1113 3492 vita
1123 3435 1239 3503 quidem

98 3517 245 3590 Caligulae
262 3521 386 3590 primum
405 3520 482 3578 Vict.
499 3523 556 3594 3,4;
585 3527 648 3578 tum
666 3523 723 3590 3‚7‚
741 3540 832 3593 paene
850 3523 1027 3578 adverbum
1045 3522 1146 3588 reddit,
1175 3528 1241 3577 tum

97 3603 226 3660 Suetonii
243 3606 308 3661 loco
327 3606 400 3676 (Cel
418 3607 466 3676 51)
485 3607 623 3678 immixto,
654 3610 691 3665 ad
709 3611 789 3668 Caes.
819 3610 879 3676 3,13
910 3609 988 3664 redit
1015 3613 1044 3664 et
1060 3612 1239 3678 postremum

98 3707 196 3746 rursus
214 3689 382 3748 Suetonium
400 3695 473 3765 (Gal.
494 3694 539 3760 19)
557 3694 587 3748 in
604 3709 686 3750 usum
703 3699 797 3755 vocat.
833 3694 985 3751 Simillime
1004 3696 1035 3749 iu
1054 3694 1166 3751 Claudii
1177 3695 1240 3748 vite

97 3776 167 3846 egit.
204 3779 265 3834 lloo
295 3779 371 3834 euim
401 3780 502 3837 ordine
526 3781 576 3836 hos
593 3781 671 3836 locos
689 3798 724 3835 ex
742 3781 926 3851 scriptoribus
944 3782 1000 3836 suis
1018 3783 1121 3838 hausit
1157 3779 1240 3850 Epit.

97 3862 244 3928 l,2·Caes
274 3866 349 3934 3‚16;
378 3866 450 3937 Epit
473 3868 619 3935 4,3·ans.
636 3867 679 3933 l‚1
699 3872 729 3922 et
746 3867 789 3933 4,5
807 3867 860 3938 (?);
891 3868 968 3939 Epit
985 3868 1138 3936 ‹id-Suet.
1155 3868 1189 3922 35
1209 3870 1238 3920 et
1270 3869 1272 3872 ’

98 3949 177 4004 Caes.
195 3950 253 4022 423
271 3951 349 4023 Epit
367 3953 516 4021 ‹id-Suet
534 3953 570 4007 20
587 3958 617 4008 et
640 3955 719 4011 Caes
736 3954 824 4023 «idi-83
850 3953 927 4026 Epit
944 3955 1095 4020 ert-cass.
1111 3951 1241 4021 l‚11·12;

95 4033 174 4105 Epir„
192 4036 288 4104 4,7·8·
299 4038 378 4097 Suet.
396 4039 443 4109 283
460 4039 541 4111 apia
552 4040 696 4105 4‚9·Gaes.
707 4041 782 4112 4,14;
811 4041 889 4113 mpit.
912 4042 1137 4106 4‚10·12·Oees.
1164 4040 1239 4106 lla.
