2684 4500
650 223 691 284 35

101 396 190 478 gium
213 395 266 475 sit,
289 399 398 458 tamen
421 413 485 456 non
508 391 724 456 omittendum
747 395 805 466 est,
829 391 861 454 in
886 389 1042 472 Epitoma
1063 388 1137 470 legi,
1160 387 1243 451 Per-

101 521 165 579 sas,
188 497 222 561 id
245 503 294 561 est
316 488 468 576 Parthos,
502 494 636 560 Nerone
673 493 825 558 defuneto
856 493 982 576 legatos
1011 494 1145 573 misisse,
1183 492 1241 574 qui

100 606 263 685 peterent,
285 606 323 664 ut
344 598 535 681 imperatori
553 603 796 662 monumentum
812 602 1042 678 exstrueretur,
1066 619 1138 661 oum
1162 596 1242 662 Sue·

102 708 222 786 tonius,
253 725 360 786 aquo
383 708 471 766 certe
495 702 704 788 Epitomator
732 701 862 785 pendet,
893 701 949 764 illo
983 701 1054 765 loco
1084 701 1165 764 nihil
1187 721 1242 765 eos

103 830 214 874 orasse
250 806 372 885 tradat,
400 806 463 869 nisi
499 810 536 868 ut
568 805 710 871 Neronis
749 806 906 869 memoria
935 804 1103 870 coleretur.

192 909 330 974 Invitis
354 908 483 973 Galbae
506 916 539 975 et
563 908 702 975 Othonis
733 909 860 973 omnino
893 908 1026 985 nullum,
1055 910 1090 972 in
1112 907 1242 975 Vitellii

101 1017 170 1080 vita
193 1033 297 1097 pauca
315 1019 488 1077 occurrunt
500 1013 737 1094 additamenta,
762 1013 818 1078 sed
841 1034 923 1094 quae
936 1012 1090 1077 Tacitum
1101 1014 1241 1096 sapiant,

103 1121 144 1184 cle
168 1118 287 1201 quibus
309 1115 395 1180 infra
417 1115 657 1198 disceptaturus
679 1137 758 1182 sum.
1154 1185 1158 1192 ⁴

194 1220 235 1284 ln
257 1219 452 1302 Vespasiani
475 1220 605 1302 quidem
627 1221 696 1285 vita
712 1220 921 1302 Epitomator
944 1221 1102 1303 quaedam
1120 1220 1247 1284 leviora

104 1325 228 1390 adiecit
250 1323 293 1389 ad
314 1323 414 1387 verba
437 1323 508 1387 dico
531 1322 677 1389 Victoris
705 1324 748 1410 (9,
773 1328 824 1411 8);
857 1325 982 1406 „cavati
1013 1329 1140 1388 montes
1169 1327 1241 1386 oet“

104 1429 227 1513 (9,10):
266 1446 372 1508 „quae
401 1425 577 1508 vulgariter
598 1425 740 1492 Pertusa
765 1434 863 1510 petra
892 1429 1109 1508 vocitatur;“'
1130 1431 1164 1491 et
1200 1425 1243 1489 ad

105 1529 255 1596 Suetonii
278 1527 549 1611 „Oommagene“:
573 1528 618 1614 (9,
645 1534 706 1612 13),
731 1551 850 1613 „quam
872 1531 968 1595 hodie
991 1530 1243 1613 Augustophra·

107 1639 228 1698 tensam
251 1633 485 1698 nominamus.“
529 1631 595 1696 Sed
617 1633 697 1697 haee
731 1633 955 1700 additamenta
976 1633 1176 1717 neglegenda
1197 1633 1243 1696 ri·

106 1737 228 1801 dentur
249 1741 425 1818 propterea
448 1733 536 1817 quod
557 1736 824 1801 verisimillimum
853 1736 983 1802 videtur
1012 1758 1051 1802 ea
1072 1737 1246 1820 1111111111-

106 1845 212 1904 torem
247 1839 287 1903 de
323 1839 448 1922 su030)
485 1837 658 1920 addidisse,
692 1839 728 1903 id
761 1840 846 1917 quod
876 1861 1073 1923 quamquam
1095 1859 1242 1922 perraro,

104 1949 213 2008 tamen
237 1941 398 2006 interdum
422 1941 564 2007 occurrit
580 1944 633 2027 31)

209 2046 249 2110 In
272 2046 341 2109 uita
363 2045 431 2110 Titi
453 2067 551 2109 unum
575 2051 666 2110 extat
689 2046 958 2127 additamentum,
986 2046 1042 2111 sed
1073 2066 1137 2128 quo
1172 2064 1245 2109 sen-

107 2149 212 2212 tentia
233 2155 345 2213 nostra
367 2148 586 2213 confirmetur.
630 2148 840 2234 Epitomator
862 2151 945 2215 enim
962 2148 1153 2215 Suetonium
1169 2169 1247 2235 pro-

107 2250 161 2314 cul
183 2248 280 2315 dubio
303 2251 418 2316 ducem
440 2257 579 2331 secutus,
603 2252 637 2316 id
660 2252 748 2336 quod
770 2253 869 2318 cuivis
892 2254 966 2318 illos
988 2254 1075 2318 inter
1097 2272 1132 2316 se
1155 2272 1240 2316 eom·

104 2354 236 2439 paranti
259 2355 406 2435 elucebit,
430 2360 541 2420 tamen
564 2357 605 2421 ab
631 2377 669 2422 eo
691 2357 824 2422 recedit.

312 2511 371 2558 Epit.
381 2510 412 2562 10,
423 2509 442 2548 4.
897 2511 956 2552 Suet
971 2512 1014 2552 ’111.
1028 2511 1046 2552 6.

103 2576 374 2644 praefecturam
438 2577 645 2646 praetoria·
699 2579 990 2648 praefecturam
1009 2597 1120 2650 quoque
1137 2598 1247 2651 prac-

103 2680 249 2720 nam...
281 2664 400 2734 adeptus
430 2669 648 2732 suspectum
700 2665 1242 2737 torienamsusoepit..suspec-

101 2750 605 2822 quemqueetoppositumsibi.
700 2752 1200 2821 tissimumqnemquesibi.

312 2890 371 2938 cpit,
381 2890 412 2941 10,
422 2891 440 2930 4.
897 2889 958 2931 81111.
973 2891 1016 2931 rit.
1030 2890 1048 2932 6.

97 2957 293 3023 immissis,
318 2959 380 3024 qui
407 2977 467 3028 per
494 2959 648 3014 theatra
700 2957 918 3022 summissis,
946 2959 1008 3026 qui
1031 2975 1101 3027 per
1129 2958 1247 3012 thea-

97 3049 140 3098 et
171 3044 308 3097 castris
343 3042 480 3098 invidiosa
508 3044 647 3099 iactantes
699 3048 762 3099 tra
789 3048 828 3098 11
857 3050 991 3098 castra
1009 3044 1088 3112 qussi
1106 3061 1249 3098 consensu„

97 3131 146 3183 ad
166 3146 312 3198 poenam
330 3136 539 3199 poscerent,
568 3131 648 3200 quasi
700 3132 744 3185 sd
778 3147 941 3200 poenam
968 3131 1248 3199 deposcerent,

177 3371 222 3438 30)
250 3369 296 3423 Ex
313 3371 370 3424 illis
388 3371 498 3425 notitiis
515 3372 546 3425 in
563 3372 661 3443 primis
681 3389 714 3427 ex
735 3389 775 3437 ea,
795 3389 850 3440 qna
869 3371 1078 3443 Commagenen
1096 3369 1248 3439 Epitoma··

98 3457 175 3511 toris
193 3457 369 3526 temporibus
382 3457 693 3527 Augustophratensem
705 3459 880 3512 nominatam
899 3460 1104 3522 essenovimns,
1122 3457 1250 3510 fortasse·

102 3543 297 3613 colligendum
317 3547 367 3608 est,
397 3545 509 3610 quando
526 3546 661 3615 Epitome
684 3545 813 3599 11111111
831 3545 876 3600 sit.
912 3543 986 3600 Nam
1004 3544 1151 3600 Ammiani
1168 3543 1243 3598 llar-

103 3629 200 3684 cellini
218 3632 392 3700 temporibus
422 3632 477 3697 (14,
495 3631 520 3699 8,
539 3631 568 3701 7)
598 3630 760 3700 provinciae
790 3647 893 3685 nomen
917 3631 1108 3702 Euphratensi
1134 3630 1189 3686 fuit
1215 3634 1252 3683 et

107 3716 400 3786 Augustophratensis
417 3722 516 3788 postea
535 3719 649 3772 demum
661 3715 805 3785 appellata
824 3723 875 3773 est.
906 3717 963 3773 Sed
976 3735 1031 3787 qno
1045 3722 1173 3787 tempore
1189 3716 1253 3770 hoe-

106 3800 214 3856 factum
231 3803 276 3868 sit,
295 3802 464 3858 confirmare
480 3821 538 3858 non
555 3804 654 3858 audeo.

178 3942 221 4009 ³¹)
240 3941 374 4010 Exempli
385 3943 477 4011 gratia
489 3942 601 4014 profero
613 3942 696 3997 illud:
716 3958 766 4008 „ao
778 3959 856 3996 more
870 3941 1035 4011 Caligulee“
1049 3939 1140 4011 (Epir.
1154 3941 1194 4006 11,
1208 3941 1251 4010 6),

110 4043 179 4095 quse
197 4029 284 4082 verba
297 4047 361 4084 eum
374 4022 509 4087 adiecisse
522 4032 641 4099 apparet
652 4027 851 4097 respicientem
863 4044 903 4090 11,
915 4046 987 4096 quse
999 4029 1059 4098 ipse
1070 4029 1161 4099 (epit.
1174 4028 1198 4095 3,
1213 4029 1251 4096 8)

108 4117 267 4184 scripserat.
