2684 4500
692 220 735 281 40

240 389 355 455 Omnis
379 393 489 454 autern
511 386 674 454 dubitatio
697 387 843 470 tolletur,
859 387 1052 470 Eutropium
1076 387 1193 454 sicum
1215 389 1297 473 Epi·

153 500 243 558 toma
266 492 507 558 contulerimus.
561 488 635 573 Qui,
658 510 858 574 quamquam
888 511 960 555 cum
982 491 1106 557 Nostro
1129 492 1296 558 interdum

153 599 326 679 conspirat,
361 603 471 662 tamen
503 600 626 660 tantum
660 594 763 675 abest,
799 598 837 657 ut
872 594 1027 659 credibile
1058 595 1102 659 sit
1125 616 1146 660 a
1168 594 1296 662 Nostro

152 721 225 764 enm
246 700 351 782 ipsum
381 701 564 782 inspectum
602 718 688 778 esse,
722 703 760 761 ut
790 697 950 761 neminem
983 718 1054 762 esse
1084 704 1209 780 putem,
1241 700 1296 777 qui

152 802 413 886 Epitomatorem
434 803 570 884 primum
585 800 760 880 Victorem,
784 800 919 864 alterum
935 801 1133 882 Suetonium,
1155 802 1296 866 tertium

152 907 262 971 nescio
293 926 398 987 quem,
434 904 503 989 (cui
525 902 751 968 additamenta
783 902 928 982 debeat),
967 909 1120 985 quartum
1153 903 1297 986 denique

152 1030 209 1073 sex
230 1008 309 1071 locis
332 1007 530 1089 Eutropium
552 1011 700 1070 secutum
734 1026 803 1069 esse
826 1005 1011 1072 contendat.
1061 1004 1182 1089 Itaque
1210 1006 1297 1072 nihil

152 1117 278 1176 restare
315 1110 469 1193 videmus,
510 1109 573 1172 nisi
616 1113 654 1172 ut
689 1106 850 1172 Nostrum
876 1114 910 1173 ct
931 1107 1128 1192 Eutropium
1150 1109 1194 1174 ad
1217 1131 1297 1174 eun·

153 1216 222 1280 dem
243 1216 421 1279 referamus
443 1212 570 1278 fontem.
613 1216 683 1275 Iam
704 1211 902 1293 Eutropium
926 1218 1054 1277 constat
1077 1232 1117 1277 ex
1139 1214 1295 1277 Suetonio

152 1318 294 1401 pendere
317 1324 350 1381 et
371 1316 453 1380 idem
475 1316 509 1379 in
531 1314 691 1379 Nostrum
712 1314 828 1378 cadere
851 1336 950 1397 supra
980 1314 1154 1380 luculentis
1188 1337 1292 1380 exem·

153 1421 216 1504 plis
241 1457 279 1468 -
305 1421 332 1484 si
355 1419 486 1501 quidem
508 1417 702 1481 documento
725 1438 806 1500 opus
829 1424 900 1481 erat
922 1455 965 1466 -
995 1418 1295 1486 demonstravimus.

154 1526 272 1605 Itaque
295 1524 322 1586 si
346 1522 426 1604 qnid
446 1521 511 1585 illis
535 1541 702 1584 commune
726 1541 795 1584 esse
811 1520 1030 1602 intelligimur,
1053 1543 1126 1586 cum
1139 1521 1214 1587 fieri
1229 1545 1296 1588 non

153 1628 265 1709 possit,
288 1631 325 1689 ut
347 1631 486 1706 uterque
510 1623 698 1688 Suetonium
722 1628 853 1687 secutus
876 1624 962 1688 idem
993 1646 1033 1688 ex
1060 1625 1173 1689 eodem
1204 1625 1297 1691 fonte

153 1729 328 1808 addiderit,
352 1728 457 1791 coacti
482 1747 589 1790 sumus
612 1725 752 1805 credere,
777 1726 1035 1790 ccmmuniailla
1058 1727 1183 1792 iamin
1207 1750 1296 1794 com-

152 1833 242 1896 muni
272 1852 384 1895 eorum
418 1828 508 1894 fonte
539 1828 662 1910 scripta
688 1827 801 1910 fuisse,
839 1829 873 1893 id
897 1830 1003 1893 estin
1026 1831 1191 1897 Suetonio.
1236 1833 1296 1897 Ad

155 1935 291 2000 eandem
313 1935 414 2017 igitur
446 1932 536 1997 illam
569 1930 764 1995 sententiam
798 1932 982 2014 redigimur,
1017 1937 1054 1998 ut
1088 1931 1293 2016 Suetonium,

155 2060 219 2122 quo
242 2039 290 2102 illi
311 2036 498 2116 utebantur,
521 2041 653 2098 auctum
686 2033 785 2098 fuisse
819 2055 860 2098 ex
892 2035 1030 2117 quodam
1062 2034 1163 2108 fonte,
1198 2039 1297 2103 nobis

153 2163 218 2207 non
239 2146 328 2222 noto,
353 2141 581 2205 existimemus.

240 2243 306 2308 Sed
338 2244 402 2306 iam
436 2241 602 2305 videamus
638 2239 726 2303 locos
758 2239 841 2320 illos,
876 2239 994 2322 quibus
1016 2242 1228 2325 Epitomatcr
1262 2249 1298 2308 et

152 2345 334 2427 Eutropius
358 2345 573 2408 consentiunt.

240 2451 293 2512 Ac
325 2447 466 2529 primum
503 2444 634 2527 quidem
666 2443 859 2526 Eutropius,
897 2456 1068 2528 postquam
1102 2447 1296 2533 Augustum

152 2555 383 2634 imperatorem
417 2571 489 2613 cum
523 2547 671 2613 Antonio
709 2546 893 2628 duodecim,
931 2549 1035 2613 solum
1072 2551 1296 2635 quadraginta

154 2660 310 2739 quattuor
333 2673 433 2715 annos
462 2649 696 2733 rempublicam
718 2650 994 2716 administravisse
1026 2654 1180 2735 narravit,
1212 2656 1297 2722 haec

154 2760 254 2827 adicit
277 2756 373 2842 (8‚3):
398 2756 467 2836 „ita
489 2754 530 2818 ab
553 2753 646 2816 initio
668 2753 871 2835 principatus
903 2755 969 2818 eius
1003 2777 1106 2838 usque
1130 2756 1294 2824 adfinem

153 2859 393 2945 quinquaginta
423 2862 456 2920 et
489 2876 545 2919 sex
580 2855 657 2919 anni
684 2855 845 2921 fuerunt‘t
891 2857 1054 2922 Simillime
1084 2859 1298 2941 Epitomator

153 2967 337 3046 Augustum
359 2980 424 3023 non
446 2958 550 3021 solum
570 2957 737 3022 duodecim
760 2980 860 3024 annos
876 2981 948 3025 cum
963 2960 1120 3042 Antonin,
1152 2963 1296 3044 quadra·

153 3069 244 3151 ginta
267 3068 423 3147 quattuor
445 3060 550 3125 solum
572 3060 615 3124 ad
636 3062 856 3143 gubernacula
870 3063 1069 3146 reipublicae
1088 3063 1212 3130 sedisse
1235 3065 1298 3130 sed

151 3205 359 3218 -..—-.-—-

152 3255 330 3310 Neronianae
356 3250 490 3316 dictae,
508 3265 585 3303 nunc
597 3248 828 3304 Alexandrianae
841 3252 1024 3320 appellantur
1035 3279 1068 3292 —
1080 3253 1198 3321 Lampr.
1211 3256 1296 3311 ther·

152 3357 213 3394 mas
232 3379 238 3392 .
258 3378 264 3392 .
279 3355 353 3405 quae
364 3335 540 3390 Neronianae
552 3336 686 3389 fuerunt.
706 3373 712 3388 .
732 3353 802 3404 quae
815 3337 1029 3392 Alexandriana
1041 3355 1114 3394 nunc
1126 3340 1202 3394 dici
1211 3344 1293 3409 tur).

152 3427 256 3495 ltaque
275 3444 339 3480 curn
359 3425 425 3478 satis
439 3425 556 3487 constet,
575 3422 746 3491 Eutropium
764 3423 793 3475 in
806 3423 1009 3491 posterioribus
1030 3426 1171 3494 capitibus
1191 3429 1294 3482 eodem

154 3529 210 3581 quo
229 3511 424 3579 Lampridium
443 3529 520 3565 usum
548 3526 608 3563 esse
631 3509 717 3577 fonte,
743 3508 819 3576 (vide
839 3508 978 3577 Droyseni
997 3528 1082 3579 quam
1101 3512 1136 3564 de
1155 3512 1295 3583 Eutropii

154 3598 280 3652 fontibus
299 3600 395 3665 posuit
413 3596 602 3664 sententiam),
625 3594 859 3648 verisimillimum
877 3597 998 3660 videtur,
1026 3595 1206 3665 Eutropium,
1227 3616 1294 3652 cum

151 3685 183 3738 in
200 3683 358 3737 Alexandri
378 3685 437 3738 vita.
454 3684 532 3737 illam
544 3700 604 3736 rem
616 3682 734 3750 legeret,
753 3680 782 3733 in
795 3681 870 3735 hunc
882 3683 976 3735 locum
988 3682 1171 3736 transtulisse.
1185 3712 1218 3721 —
1233 3682 1296 3737 Sed

152 3789 188 3824 ne
205 3769 364 3823 Domitiani
383 3770 496 3839 quidem
515 3771 699 3821 monumenta
716 3765 887 3834 Eutropium
905 3783 939 3819 ex
958 3767 1092 3822 chronico
1110 3769 1223 3822 urbano
1242 3767 1296 3822 de·

152 3856 300 3924 sumpsisse
311 3855 458 3910 credamus
467 3871 580 3909 necesse
591 3859 643 3910 est.
668 3852 796 3905 Primum
807 3852 880 3904 enim
893 3853 971 3906 nullo
983 3854 1038 3907 alio
1048 3853 1111 3907 loco
1121 3869 1154 3906 eo
1164 3869 1231 3906 usus
1241 3858 1297 3921 est,

153 3945 214 3996 tum
233 3960 289 3995 non
309 3941 479 4008 „Diuorum‘
496 3947 527 3996 ut
546 3939 699 3994 chronicon
719 3939 768 3991 sed
781 3937 936 4003 „Diuorum
947 3940 1106 4008 porticum“
1120 3938 1232 4006 plenius
1245 3956 1297 3993 ex·

152 4027 246 4094 hibet3
260 4028 356 4095 itaque
370 4028 499 4097 equidem
513 4027 599 4080 trium
608 4025 722 4079 illorum
731 4027 976 4078 monumentorum
987 4024 1101 4078 nomina
1111 4027 1142 4078 ut
1153 4025 1296 4092 quasdam

152 4112 225 4165 alias
243 4131 289 4166 res
307 4115 443 4168 Suetonio
462 4113 606 4182 adscripta
624 4115 653 4165 et
670 4110 736 4164 inde
754 4112 790 4162 ab
803 4108 940 4178 Eutropio
953 4109 1122 4179 deprompta
1135 4127 1193 4162 esse
1212 4117 1296 4179 pulo.
