2684 4500
605 215 624 274 7

132 383 298 448 Mentione
321 405 384 448 non
414 382 547 463 indigna
569 381 686 447 Annae
702 382 840 465 Fabriss)
864 373 1070 450 doctissimae
1093 385 1184 450 femi·

46 510 110 556 nae
133 490 296 554 sententia
339 488 469 554 videtur
491 508 570 553 esse.
594 486 743 552 Oonieoit
766 489 848 551 enirn
870 489 1015 553 libellum
1038 489 1078 553 (16
1102 489 1183 556 an-

50 594 179 660 saribus
203 593 393 675 ampliorem
416 593 494 656 olim
510 591 609 656 fuisse
625 598 658 655 et
674 590 852 656 Theodosii
866 592 968 655 vitam
984 594 1184 676 amplexum,

49 697 108 764 scd
139 718 211 761 cum
242 695 353 759 nescio
383 695 455 776 quis
487 694 630 758 eiusdem
652 693 721 757 fere
744 695 863 758 aetatis
885 695 981 759 homo
1006 704 1039 760 et
1063 719 1102 760 ex
1123 698 1186 761 hoc

49 801 133 867 libro
158 806 191 865 et
214 821 254 863 ex
277 798 358 879 aliis,
381 803 418 861 ut
433 798 600 878 Suetonio,
624 797 798 880 Eutropio,
821 795 995 862 Ammiano
1008 800 1186 882 Epitomen

51 905 221 985 texuisset,
244 902 367 965 factum
390 920 469 982 esse,
493 908 531 966 ut
551 901 637 965 liber
658 900 699 964 (16
714 898 911 964 Caesaribus
933 902 989 966 ille
1011 904 1186 986 paullatim

51 1009 283 1091 negligeretur,
320 1004 430 1068 multis
464 1005 588 1070 mendis
621 1005 855 1086 inquinaretur,
889 1012 1052 1087 postremo
1088 1007 1188 1070 etiam

50 1111 268 1177 mutilaretur.
314 1105 420 1189 Quam
450 1109 645 1173 sententiam
669 1124 748 1171 'cum
770 1112 790 1170 a
813 1107 996 1193 Funcciol)
1026 1109 1190 1192 prolatam

52 1221 87 1280 et
120 1212 364 1294 comprobatam
397 1218 466 1276 tum
502 1211 542 1275 ab
567 1210 696 1294 Opitzio
719 1211 913 1293 perpolitam
936 1217 970 1274 et
992 1216 1190 1295 argumentis

55 1318 229 1397 firmatam,
254 1315 339 1379 infra
363 1316 449 1400 (cap.
472 1315 545 1400 ΙΙΙ)
569 1335 678 1378 veram
699 1335 764 1378 non
787 1333 858 1376 esse
881 1312 1119 1384 demonstrabo.

142 1418 310 1484 Gerardus
326 1417 352 1482 J
354 1440 472 1484 oannes
485 1419 663 1500 Vossius⁵)
685 1417 728 1480 in.
743 1437 780 1479 eo
802 1416 896 1495 libro,
921 1437 1017 1498 quem
1033 1419 1073 1484 (16
1088 1420 1190 1485 histo-

54 1523 135 1588 ricis
166 1522 281 1586 latinis
311 1522 450 1604 scripsit,
485 1522 525 1586 de
562 1521 694 1586 Nostris
737 1521 829 1585 libris
860 1521 908 1583 ita
939 1519 1007 1584 fere
1030 1522 1186 1587 iudicium

54 1627 143 1708 fecit,
165 1631 203 1690 ut
225 1625 400 1707 Epitomen
423 1645 495 1688 oum
518 1647 558 1688 ex
580 1623 782 1707 Tranquillo,
806 1622 978 1705 Eutropio,
1002 1624 1188 1707 Ammiano,

60 1729 143 1810 aliis,
185 1734 255 1792 tum
288 1728 322 1791 in
354 1727 467 1810 primis
490 1749 529 1791 ex
552 1726 586 1793 8.
610 1726 747 1792 Aurelio
770 1725 907 1794 Victore
930 1727 1103 1792 conflatam
1126 1750 1196 1795 esse

59 1837 231 1912 statueret,
265 1851 361 1913 quam
382 1832 577 1894 sententiam
602 1831 652 1894 vir
673 1829 729 1893 ille
751 1829 955 1894 doctissimus
978 1833 1078 1896 certis
1102 1855 1195 1916 argu-

23 1938 24 1941 ’
59 1936 179 2000 mentis
202 1932 414 2014 comprobare
437 1932 628 2015 supersedit.

146 2036 310 2102 Martinus
338 2034 546 2117 Hanclriusl)
569 2037 691 2118 primus
715 2054 824 2098 eorum
847 2035 1019 2100 verborum
1033 2037 1193 2102 rationem

59 2140 184 2220 habuit,
215 2139 348 2221 quaein
363 2136 470 2202 fronte
486 2137 656 2218 Epitomes
672 2137 707 2201 in
719 2137 882 2202 codicibus
898 2139 1021 2220 scripta
1035 2139 1194 2222 leguntur.

60 2242 146 2310 Sunt
179 2246 288 2306 autem
317 2240 414 2307 haec:
447 2240 488 2304 (16
510 2240 577 2304 vita
599 2244 633 2303 et
650 2240 794 2305 moribus
816 2243 1050 2324 imperatorum
1077 2242 1199 2309 Roma-

63 2365 180 2410 norum
217 2349 371 2425 excerpta
404 2362 444 2405 ex
476 2342 568 2407 libris
602 2341 636 2408 S.
659 2341 790 2408 Aurelii
812 2344 965 2412 Victoris.
1009 2349 1128 2428 Itaque
1160 2347 1196 2412 in

68 2468 141 2513 eam
163 2446 331 2511 descendit
353 2445 557 2529 sententiam,
593 2446 777 2511 nominibus
800 2448 996 2530 reliquorum
1017 2455 1197 2531 auctorum,

64 2550 226 2631 Suetonii,
249 2548 402 2630 Eutropii
424 2549 626 2631 aliorumque
649 2551 774 2633 (forsan
797 2553 889 2633 signo
905 2549 1044 2632 quodam
1071 2551 1199 2639 addito)

70 2653 212 2732 omissis,
234 2653 324 2716 innui
347 2650 379 2719 S.
403 2652 575 2717 Aurelium
599 2652 778 2735 Victorem,
802 2675 864 2717 non
887 2675 945 2736 per
967 2674 1063 2735 quem
1084 2655 1141 2718 sed
1163 2677 1203 2720 ex

10 2811 16 2824 .
67 2757 160 2822 cuius
183 2755 386 2838 aliorumque
407 2756 501 2821 libris
524 2762 677 2839 excerpta
699 2758 764 2822 sint
786 2778 871 2843 quae
893 2755 1140 2837 subsequuntur.

157 2858 281 2923 Eadem
313 2859 365 2923 vel
398 2859 559 2924 simillima
580 2860 827 2943 Arntzeniusij,
863 2858 1082 2943 Grunerusl),
1117 2860 1201 2926 Mol·

67 2963 198 3048 lerus⁸)
232 2963 455 3044 contendunt,
490 2984 626 3045 quorum
674 2963 816 3045 singulas
849 2965 1028 3041 sententias
1060 2963 1204 3042 proferre

66 3067 201 3150 longum
224 3072 258 3131 et
280 3087 551 3149 supervacaneum
574 3070 633 3132 est.
672 3063 738 3131 Sed
753 3066 803 3130 illi
817 3067 878 3130 viri
890 3067 1078 3148 doctissimi,
1094 3088 1204 3149 quam-

69 3190 172 3254 quam
194 3168 391 3252 permultum
414 3169 622 3234 contulerunt
646 3204 684 3216 -
709 3168 791 3232 nihil
814 3170 898 3233 enim
920 3170 960 3235 de
983 3190 1093 3234 eorum
1113 3168 1206 3233 laude

66 3273 275 3338 detracturus
297 3292 370 3336 sum
391 3308 434 3319 -
456 3270 498 3336 ad
521 3271 639 3336 menda
654 3272 799 3340 tollenda
814 3278 849 3337 et
865 3271 1065 3354 corrigenda,
1089 3293 1204 3356 parum

140 3413 167 3477 8)
186 3405 284 3478 praeff.
303 3407 340 3462 ad
360 3405 390 3462 S.
409 3406 560 3461 Aurelium
582 3406 737 3463 Victorem.

142 3493 166 3563 ⁴)
186 3493 222 3548 de
239 3497 332 3561 vaget.
351 3488 420 3560 ling.
439 3492 488 3545 lat.
507 3493 564 3546 vol.
582 3492 606 3547 3.

142 3581 170 3648 ⁵)
189 3579 224 3634 de
241 3578 384 3654 historicis
401 3578 498 3632 latinis
515 3578 590 3632 liber
607 3578 623 3631 2
641 3595 702 3649 cap.
722 3577 763 3631 15.

142 3666 170 3729 θ)
189 3665 225 3719 (16
243 3663 326 3718 Rom.
343 3680 438 3718 rerum
456 3664 640 3733 scriptoribus
658 3665 731 3719 liber
750 3665 766 3718 2
785 3682 846 3734 cap.
865 3664 889 3719 5.

141 3751 167 3818 ⁷)
184 3749 304 3819 praefat
324 3748 361 3803 ad
379 3746 408 3803 8.
425 3750 578 3804 Aurelium
596 3749 753 3808 Victorem.
806 3759 809 3766 '

141 3839 170 3905 ⁸)
188 3836 290 3904 disput
308 3835 405 3893 circui.
423 3837 458 3891 de
477 3836 505 3892 S.
517 3837 636 3892 Aurelio
645 3839 782 3907 Victore;
800 3856 867 3893 nam
885 3836 1112 3892 dissertationem
1129 3835 1209 3889 illam

68 3940 129 3979 non
147 3922 331 3986 Bechmanni‚
361 3924 406 3978 cui
424 3923 550 3992 Opitziua
579 3926 655 3992 (acta
682 3944 712 3996 p.
731 3925 783 3980 200
802 3925 867 3979 adn.
887 3925 912 3993 1)
931 3923 1132 3988 vindicaverat,
1161 3920 1211 3975 sed
1289 3975 1292 3978 ,

70 4009 187 4066 11611611
206 4026 273 4077 erse,
291 4026 341 4063 suo
359 4009 420 4064 iure
438 4009 574 4066 Jacobius
609 4010 658 4080 (de
676 4010 742 4066 Rufi
760 4009 838 4066 Festi
855 4009 991 4066 breviarii
1007 4009 1131 4064 fontibus
1148 4024 1176 4076 p.
1193 4006 1211 4061 3

70 4099 138 4155 adn.
157 4100 173 4154 3
192 4097 418 4170 demonstrarit).
1011 4097 1045 4149 x*
