2694 4530
714 186 759 250 24

173 380 228 432 quo
246 362 322 416 lacto
339 361 461 434 plures
484 362 576 414 metu
597 357 713 412 absti-

171 445 713 502 nentesexstinctisunt.Dehinc

173 532 713 600 atrociusnobilioresquasque

172 625 299 690 nuptas
323 624 356 674 et
384 619 550 688 virgines
577 623 713 672 scorto·

172 723 249 760 rum
266 707 364 761 modo
385 721 499 760 secum
517 707 715 774 proposuerat

173 793 359 861 coactique
397 807 509 845 mares
544 794 583 844 ut
611 789 714 844 ades-

172 882 259 932 sent.
278 876 421 948 Quodsi
440 875 715 945 quistaliahcr·

172 967 296 1018 ruerat
316 962 439 1016 afficto
452 962 598 1016 crimine
614 961 648 1015 in
661 960 714 1030 ip·

172 1066 246 1102 sum
280 1064 486 1117 omnemque
521 1046 715 1101 familiam

172 1132 412 1188 saeviebatur:
439 1137 471 1186 ut
494 1133 584 1201 magis
602 1132 714 1186 videre·

172 1225 220 1272 tur
242 1220 293 1274 sub
319 1219 491 1290 imperatore
509 1217 588 1272 viro
607 1235 715 1287 quam

172 1307 387 1375 imperatori
404 1307 515 1373 nupta
533 1322 617 1360 esse.
656 1304 715 1360 Ita

173 1392 301 1451 liberti
319 1392 605 1462 eiuspotestatem
623 1410 714 1445 sum-

172 1495 266 1532 mam
284 1477 389 1547 adepti,
410 1479 562 1548 stupris,
581 1479 715 1544 exilio,

173 1565 289 1630 caede,
302 1565 630 1635 proscriptionibus
649 1584 713 1620 om·

172 1649 236 1703 nia
254 1650 463 1707 foedabant.
481 1651 713 1720 ExquibusFe·

172 1735 290 1790 licem
301 1737 460 1808 legionibus
469 1737 489 1792 J
490 1739 596 1793 udaeae
605 1740 714 1809 praeic-

173 1824 221 1888 cit,
233 1821 394 1877 Possidio
407 1824 534 1879 eunucho
546 1831 628 1894 post
645 1825 714 1879 tri·

173 1908 341 1977 umphum
359 1909 634 1964 Britannicum
656 1911 714 1964 in·

173 1998 229 2048 ter
247 1995 479 2051 militarium
491 1995 658 2052 fortissimos
671 2015 715 2053 ar·

172 2098 226 2145 ma,
237 2081 358 2150 insignia
367 2086 504 2150 tanquam
513 2081 649 2153 participi
657 2086 715 2140 vic-

172 2167 262 2221 toriae
280 2168 379 2222 donc
398 2169 485 2223 dedit.
504 2168 714 2239 Polybium

171 2252 247 2305 inter
276 2255 402 2308 consules
428 2255 552 2309 medium
581 2256 713 2312 incedere

172 2336 248 2390 iecit.
264 2335 325 2391 Hos
338 2356 392 2393 om
402 2357 422 2393 n
431 2357 468 2395 es
481 2345 610 2399 anteibat
623 2344 714 2399 Nar·

172 2422 300 2477 cissus
319 2424 360 2478 ab
379 2426 714 2495 epistolis,dominum

172 2526 200 2562 se
229 2527 330 2578 gerens
356 2512 442 2582 ipsius
472 2515 579 2570 domini
609 2518 713 2586 pallas·

177 2611 233 2661 que
272 2601 474 2666 praetoriis
519 2618 715 2657 ornamen-

173 2681 220 2734 tis
244 2683 425 2756 sublimatus;
456 2688 526 2743 adeo
551 2687 662 2754 divites,
681 2693 714 2743 ut

172 2776 307 2826 causante
326 2789 358 2827 ec
381 2774 539 2844 inopiam
562 2773 653 2841 fisci,
674 2775 714 2828 lc·

170 2849 320 2926 pidissime
349 2858 457 2933 famoso
488 2859 581 2929 elogio
611 2860 712 2929 vulga-

170 2946 233 2994 tum
243 2943 288 3013 sit,
298 2944 436 3000 abunde
450 2946 475 3001 ei
484 2946 634 3016 pecuniam
643 2946 715 3017 fore,

171 3029 201 3080 si
220 3029 380 3087 adnobus
398 3032 712 3088 libertisinsocie-

170 3117 284 3170 tatem
310 3119 570 3188 reciperetur.
619 3120 713 3174 Huius

170 3203 457 3272 temporibusvisus
475 3209 519 3260 est
536 3206 627 3274 apud
645 3207 712 3260 Ae·

170 3293 320 3358 gyptum
337 3290 505 3359 phoenix,
530 3309 615 3361 quam
632 3295 712 3347 volu·

171 3391 247 3428 crem
272 3375 368 3430 ferunt
393 3392 467 3430 anno
487 3377 713 3447 quingentesimo

171 3475 206 3512 ex
217 3459 323 3514 Arabis
340 3467 512 3516 memoratos
529 3465 606 3518 locos
624 3466 711 3519 advo·

169 3545 245 3599 lare:
267 3550 371 3615 atque
394 3548 429 3601 in
446 3551 589 3620 Aegaeo
616 3551 712 3604 mari

170 3637 314 3701 repente
334 3637 451 3692 insula
470 3638 620 3693 emersit.
655 3638 712 3692 Hic

170 3719 440 3790 Agrippinam,
477 3725 710 3782 Germanici

169 3808 296 3862 fratris
313 3810 364 3864 sui
382 3810 499 3865 liliam
525 3829 642 3867 uxorem
661 3813 712 3867 du·

169 3896 220 3958 xit,
244 3913 316 3963 quae
345 3895 405 3950 filio
433 3897 586 3968 imperium
609 3916 711 3968 procu·

169 3998 244 4049 rans,
256 3983 349 4051 primo
361 3983 507 4056 privignos
518 3986 627 4040 insidiis
639 3987 711 4039 mul·

169 4067 336 4137 tiiormibus,
355 4069 456 4125 dehinc
478 4073 570 4138 ipsum
587 4074 711 4128 coniu-

169 4171 247 4224 gem
264 4172 401 4214 veneno
417 4159 611 4219 interemit.
632 4160 712 4218 Vixit

766 371 870 423 saque
887 351 1168 407 Musulamiorum
1181 367 1308 405 manus.
1345 340 1347 354 ¹

767 440 927 495 suet.20.
966 438 1155 495 Claudiae
1185 452 1309 505 aquae

766 526 858 580 fontes
870 526 900 580 in
917 524 1017 580 urbem
1037 523 1180 594 perduxit.
1214 525 1308 580 Caes.

766 612 1309 682 4,6.Namqueuxorprimopas·
1343 651 1347 679 ,

766 699 900 768 simque
918 698 998 765 quasi
1016 698 1092 751 iure
1110 697 1310 752 adulteriis

766 785 931 839 utebatur
948 801 1037 852 ecque
1055 784 1228 838 exstincti
1249 799 1310 838 cum

768 871 825 925 suis
843 871 1117 940 plerique..metu
1135 869 1309 924 abstincn·
1345 896 1347 914 ι

768 960 829 1012 tes.
859 956 1010 1010 Dehinc
1037 956 1224 1009 atrocius
1254 973 1308 1010 ac·

768 1041 1102 1097 censanobiliores
1130 1059 1308 1111 quasque

767 1133 894 1198 nuptas
913 1133 946 1183 et
973 1130 1130 1200 virgines
1153 1134 1306 1184 scorto·

767 1233 850 1272 rum
877 1216 988 1270 modo
1015 1232 1136 1270 secum
1156 1216 1307 1284 prosti·
1343 1207 1347 1213 ⁴

766 1307 920 1360 tuerat:
962 1301 1147 1369 coactique
1184 1318 1307 1356 mores

766 1392 818 1447 uti
846 1391 1022 1445 adessent.
1059 1385 1158 1454 Quod
1188 1386 1218 1439 si
1247 1385 1308 1454 qui

766 1478 836 1533 talia
863 1477 1039 1540 horuerrant,
1065 1471 1163 1527 afficto
1192 1473 1306 1527 crimine

767 1565 796 1618 in
823 1565 916 1633 ipsum
939 1563 1056 1631 eiusque
1083 1559 1223 1614 familiam
1251 1576 1306 1614 sae·

766 1651 950 1706 aiebatur...
969 1649 1059 1704 (taes.
1078 1647 1153 1712 4‚11:
1174 1647 1243 1700 dum
1257 1647 1305 1700 mi·

766 1755 830 1792 rum
866 1738 980 1792 videtur
1006 1734 1082 1803 apud
1107 1735 1308 1802 imperatorem

767 1825 859 1879 virum
879 1841 983 1894 quam
1000 1821 1309 1891 imperatorinup·

767 1908 1309 1978 tamesaeltaliberripote·

768 1995 1309 2064 statemnactisummamstup·
1344 2061 1347 2064 Α

766 2083 839 2148 ris,
874 2082 1017 2146 exilio,
1048 2081 1184 2144 caede,
1215 2099 1307 2151 pro·

766 2167 1216 2236 scriptionibusomnia
1238 2167 1310 2222 foe·

767 2253 916 2310 dabant.
954 2252 1051 2308 Suet.
1068 2254 1110 2308 28.
1130 2253 1312 2310 Libertorum

765 2339 918 2408 praecipue
931 2340 1056 2408 suspexit
1073 2340 1228 2394 Posiden
1246 2358 1309 2410 spa·

766 2425 877 2490 donem,
897 2441 979 2493 quem
998 2426 1084 2479 etiam
1103 2426 1309 2480 Britannico

764 2511 1312 2580 triumphointermilitares

764 2597 840 2652 viros
857 2597 940 2651 hasta
966 2615 1039 2667 pura
1066 2597 1240 2652 donavit
1257 2615 1310 2654 nec

765 2685 858 2739 minus
875 2685 1065 2751 Felicem,
1086 2701 1169 2752 quem
1185 2684 1309 2738 cohorti·

764 2773 816 2826 bus
835 2776 865 2826 et
882 2771 935 2826 alis
955 2771 1163 2841 provinciisque
1176 2769 1311 2826 Judaeae

765 2858 938 2928 praeposuit.
1020 2875 1052 2912 ac
1071 2859 1224 2925 superbos
1244 2857 1312 2912 Po-

765 2944 936 3013 lybum...
964 2944 1011 3011 qui
1031 2961 1114 3012 saepe
1144 2942 1222 2997 inter
1241 2943 1312 2998 duos

766 3031 894 3088 consules
904 3030 1080 3096 ambulabat3
1094 3029 1142 3084 sed
1152 3032 1219 3084 ante
1239 3047 1310 3085 om·

765 3118 819 3174 nis
840 3116 1046 3174 Narcissum
1064 3116 1104 3170 ab
1125 3117 1313 3184 epistolis

766 3208 795 3258 et
812 3204 1019 3268 Pallantem
1037 3221 1054 3256 a
1071 3204 1229 3258 rationibus
1242 3221 1311 3273 quos

831 3290 1101 3360 praetoriisque
1120 3308 1309 3346 ornamen-

764 3380 796 3433 ti
806 3397 819 3433 s
828 3376 962 3433 honorari
971 3377 1062 3430 libens
1071 3393 1168 3445 passus
1178 3381 1236 3445 est;
1248 3380 1312 3432 tan·

766 3470 827 3521 tum
839 3468 987 3535 praeterea
999 3462 1147 3530 adquirere
1158 3464 1187 3515 et
1198 3478 1313 3531 rapere,

764 3557 796 3606 ut
809 3554 945 3621 querente
957 3565 990 3603 eo
1007 3548 1150 3617 quondam
1163 3548 1198 3601 de
1216 3547 1268 3602 iis
1279 3549 1314 3604 ci

765 3637 977 3708 exiguitate
996 3654 1052 3690 non
1067 3635 1189 3689 absurde
1201 3634 1313 3690 dictum

764 3726 802 3779 sit
828 3723 1107 3786 abundaturum,
1135 3720 1165 3774 si
1191 3722 1313 3777 aduo-

764 3811 828 3865 bus
844 3809 996 3864 libertis
1022 3810 1056 3863 in
1087 3807 1314 3884 consortium

763 3896 1000 3966 reciperetur.
1019 3896 1313 3961 ans.4,14.visus·

765 3999 830 4053 que
860 3983 954 4052 apud
976 3984 1182 4052 Aegyptum
1203 3983 1313 4054 phoe-

763 4069 833 4137 nix,
852 4086 957 4138 quem
975 4071 1165 4125 volucrem
1183 4069 1314 4127 ferunt

764 4175 856 4214 anno
874 4157 1167 4227 quingentesimo
1180 4159 1316 4215 exAra·
