2684 4500
623 241 663 304 57

74 426 205 490 norum,
227 426 324 490 quem
346 405 462 473 Nostri
483 407 624 475 Neronis
646 409 782 493 imperio
804 408 960 475 tribuunt.
1000 406 1212 492 Epitomator

76 509 162 573 enim
185 507 289 594 (Epit.
314 514 375 594 al)
401 509 559 576 tredecim
587 531 662 576 eum
691 531 843 595 regnasse
875 511 964 592 dicit,
998 532 1072 577 cum
1093 511 1212 580 Victor

76 611 198 694 aliique
220 613 395 696 scriptores
417 614 504 678 inter
525 633 560 678 se
578 614 815 680 consentientes
830 613 1093 698 quattuordecim
1108 635 1210 680 annos

68 715 107 799 ei
129 714 219 780 dent.
265 711 331 798 Qui
351 735 443 780 orror
468 714 544 781 inde
565 716 694 782 videtur
715 716 912 801 repetendus
927 737 1008 799 esse,
1025 716 1121 799 quod,
1138 738 1212 782 cum

77 818 113 882 in
135 817 299 883 communi
320 815 412 883 fonte
445 817 603 885 tredecim
637 819 713 884 anni
743 825 777 885 et
808 839 934 884 menses
967 820 1101 884 circiter
1137 825 1212 884 octo
1240 835 1244 841 ·

76 921 192 1005 scripti
212 919 406 1003 legerentur,
429 942 525 1004 quem
547 940 716 987 numerum
737 921 803 986 Dio
825 925 950 1006 (63,29)
965 921 1078 1002 tradit,
1095 920 1213 989 Victor

76 1043 248 1088 numerum
284 1023 475 1106 complevit,
513 1023 725 1112 Epitomator
758 1023 916 1090 tredecim
948 1030 1077 1089 tantum
1109 1044 1212 1088 annos

76 1125 197 1208 posuit.
231 1160 272 1172 —
317 1123 410 1190 Idem
445 1127 546 1191 etiam
585 1131 618 1190 in
648 1123 843 1210 Vespasiani
871 1126 938 1194 vita
976 1124 1099 1190 factum
1128 1125 1215 1191 vide·

77 1233 134 1291 tur
166 1247 246 1310 esse,
277 1247 375 1310 quem
404 1227 613 1312 Epitomator
646 1229 753 1315 (Epit.
792 1229 883 1316 alt)
914 1228 1216 1313 undeseptuaginta,

78 1328 198 1398 Victor
219 1331 426 1415 septuaginta
449 1353 551 1398 annos
574 1331 694 1398 vixisse
720 1331 811 1397 dicit.
868 1328 961 1415 Quae
995 1331 1214 1420 discrepantia

80 1453 121 1497 ex
143 1433 306 1498 communi
327 1432 418 1498 fonte
448 1440 522 1500 orta
550 1433 782 1517 videturesse,
805 1436 861 1520 qui
882 1435 1088 1518 Vespasiano
1111 1453 1215 1499 annos

78 1537 247 1619 sexaginta
269 1541 343 1602 octo
367 1541 401 1601 et
421 1557 548 1602 menses
570 1543 644 1603 octo
667 1537 721 1622 (ut
742 1535 809 1601 Dio
830 1537 883 1602 vel
905 1538 1012 1625 potius
1036 1541 1075 1602 ut
1097 1534 1213 1601 Sueto-

77 1638 167 1725 nius)
191 1638 302 1720 dabat,
324 1658 421 1721 quem
443 1661 621 1722 numerum,
644 1660 717 1704 cum
738 1640 894 1705 minorem
916 1640 1069 1706 redderet
1095 1637 1212 1723 Epito-

78 1745 196 1824 mator,
220 1741 453 1808 consuetudine
485 1763 544 1808 sua
574 1747 647 1808 octo
681 1743 847 1808 mensibus
879 1743 1025 1825 abiectis,
1059 1741 1218 1807 maiorem

82 1843 202 1914 Victor
224 1842 340 1910 effecit.

166 1980 255 2046 Hinc
270 2001 400 2066 quoque
422 1981 679 2048 concludendum
700 1982 829 2048 ridetur
850 2002 930 2063 esse,
952 1981 1217 2065 Epitomatorem

79 2083 277 2172 quibusdam
298 2085 378 2151 locis
399 2090 531 2171 praeter
552 2085 723 2153 Victorem
746 2086 845 2151 etiam
869 2106 944 2151 eum
968 2084 1092 2150 fontem
1123 2083 1215 2149 adhi-

80 2186 204 2270 buisse,
227 2206 267 2252 ex
288 2208 352 2270 quo
374 2187 491 2256 Victor
512 2187 582 2271 ipse
613 2208 744 2274 quoque
771 2187 938 2272 penderet.
989 2186 1064 2252 Iam
1093 2185 1217 2252 fontem

79 2289 184 2372 illum,
206 2311 268 2378 quo
289 2296 421 2375 praeter
437 2290 609 2359 Victorem
622 2292 832 2376 EpitOmator
846 2294 1004 2372 uteretur,
1021 2287 1218 2355 Suetonium

79 2398 215 2458 auctum
237 2413 307 2458 esse
330 2415 429 2478 supra
451 2394 634 2460 statuimus.
682 2393 802 2478 Itaque
825 2392 975 2474 efficitur,
992 2392 1090 2457 etiam
1104 2391 1220 2460 Victo·

81 2515 151 2561 rem
172 2494 367 2562 Suetonium
389 2504 520 2563 auctum
542 2516 723 2580 usurpasse.

168 2633 255 2700 Fere
278 2633 391 2698 eadem
412 2633 512 2716 igitur
532 2632 749 2699 intercederet
770 2631 866 2715 ratic,
888 2638 926 2697 ut
948 2632 996 2697 ita
1011 2630 1126 2713 dicam,
1142 2651 1210 2695 mu·

80 2737 163 2801 tatis
184 2734 348 2800 mutandis
370 2735 457 2800 inter
478 2735 647 2804 Victorem
670 2741 703 2801 et
723 2734 985 2819 Epitomatorem
1007 2739 1105 2812 atque
1127 2732 1215 2796 inter

85 2835 279 2903 Suetonium
301 2842 336 2904 et
358 2858 441 2919 eum,
464 2838 522 2920 qui
543 2839 611 2903 eius
624 2837 744 2903 librum
759 2837 929 2922 (exipsius
943 2835 1046 2916 fonte)
1062 2835 1219 2916 auxisset,

83 2939 301 3024 emendasset,
323 2941 528 3027 paullumque
550 2941 762 3006 immutasset.

173 3076 256 3144 (ium
277 3083 388 3143 autem
408 3079 442 3142 in
464 3078 535 3161 ipso
558 3077 599 3143 de
621 3076 814 3143 Caesaribus
843 3075 938 3156 libro,
971 3074 1116 3158 quamvis
1147 3072 1221 3138 dili·

82 3186 201 3266 genter
235 3181 445 3266 perlegerem,
468 3179 629 3267 ·Suetonii
662 3184 750 3244 aucti
781 3177 872 3244 nulla
889 3178 945 3265 ⁴⁹)
980 3176 1049 3243 fere
1082 3176 1223 3259 vestigia

155 3457 198 3526 ⁴⁹)
215 3455 258 3510 Ne
277 3456 339 3525 quis
359 3473 405 3510 me
426 3456 624 3526 neglegentiae
649 3459 762 3509 accuset
787 3469 858 3508 neve
884 3449 983 3506 credat
1010 3449 1146 3518 quosdam
1175 3465 1221 3503 me

82 3543 169 3608 tocco,
187 3540 236 3611 qui
255 3541 347 3610 prima
364 3543 457 3612 specie
474 3558 573 3612 graves
591 3541 747 3596 sententiae
764 3544 878 3594 nostrae
898 3541 985 3592 testes
1010 3535 1145 3590 videntur
1157 3551 1224 3601 esse,

80 3629 197 3698 dugisse,
223 3629 289 3682 illos
307 3628 386 3684 brevi
403 3628 601 3698 perstringam.
635 3624 753 3678 Duobus
770 3623 846 3679 enim
871 3622 941 3677 locis
960 3621 1087 3678 Victor
1114 3624 1143 3677 et
1163 3620 1222 3676 Eu·

85 3715 205 3784 tropius,
224 3729 345 3783 quorum
362 3717 492 3782 uterque,
511 3713 601 3766 altero
614 3710 650 3764 ab
663 3710 755 3764 altero
774 3725 832 3763 non
843 3708 982 3778 inspecto,
1001 3706 1138 3763 Suetonio
1160 3722 1226 3760 usus

86 3803 137 3866 est,
154 3799 272 3869 propius
290 3798 366 3854 inter
383 3814 412 3853 se
431 3815 516 3867 quam
527 3796 565 3851 ad
577 3795 743 3851 Suetonium
756 3793 893 3850 accedere
921 3793 1063 3857 videntur,
1081 3792 1123 3847 ita
1139 3800 1172 3846 ut
1189 3793 1226 3848 ad
1294 3834 1296 3838 .

80 3885 207 3940 eundem
225 3885 342 3959 fontem,
369 3883 400 3938 id
429 3885 472 3937 est
489 3882 657 3939 Suetonium
674 3884 796 3944 auctum,
828 3879 969 3934 referendi
995 3878 1059 3932 sint.
1095 3876 1226 3932 Primum

82 3971 163 4025 enirn
187 3971 221 4024 in
247 3969 307 4024 rita
333 3968 453 4024 Othonis
483 3967 660 4025 necessitudo
693 3967 832 4038 quaedam
863 3966 939 4021 inter
969 3980 1020 4020 ecs
1046 3963 1227 4020 intercedere

82 4054 204 4112 uidetur.
