2684 4500
605 200 648 262 41

44 369 152 432 etiam
173 367 317 432 numeris
339 369 534 450 computatis
549 388 649 434 annos
666 370 906 454 quinquaginta
928 388 985 433 sex
998 369 1106 456 (1,30)
1123 391 1196 435 eum

47 473 234 554 imperasse
256 469 429 553 tradit³⁸l

145 595 184 656 In
208 591 321 657 eodem
343 591 450 673 capite
473 590 577 676 (Epit.
605 592 671 675 1,9)
694 590 903 674 Epitomator
925 590 1033 656 verbis
1048 591 1194 660 Victoris

50 692 155 776 (Caes
179 696 245 779 l,7)
269 695 434 776 Suetonio,
457 715 555 777 quem
584 715 688 776 paene
717 694 760 760 ad
788 694 922 760 verbum
952 694 1118 773 exscribit,
1148 695 1197 758 in-

50 797 155 862 sertis
176 797 258 862 haec
280 797 399 862 tradit:
424 797 524 878 „Indi
552 798 706 880 Scythae,
739 796 976 877 Garamantes,
1007 796 1191 879 Aethiopes

53 899 184 982 legatos
208 920 296 965 cum
318 900 410 964 donis
432 900 619 966 miserunt.⁴‘
671 899 788 968 Victor
810 906 925 981 autem,
958 901 1009 964 cui
1040 899 1120 964 haec
1143 899 1196 963 de·

53 1002 187 1084 bantur,
210 1006 300 1067 tacet
322 1001 362 1067 de
385 1001 488 1083 doniS,
512 1024 597 1085 quae
620 1004 745 1087 legatos
772 1004 924 1069 attulisse
946 1003 1100 1087 Epitome
1129 1008 1196 1067 tra·

55 1105 127 1190 dit,
151 1112 184 1170 et
201 1125 242 1169 ne
264 1105 351 1189 apud
373 1105 564 1171 Suetonium
587 1106 717 1189 quidem
739 1106 839 1193 (Aug.
864 1106 943 1192 lh),
967 1127 1008 1170 ex
1030 1125 1093 1186 quo
1116 1104 1198 1171 haec

55 1214 133 1274 tota
154 1228 206 1273 res
228 1208 355 1273 videtur
376 1208 515 1289 fluxisse,
539 1216 840 1290 commemorantur,
864 1210 912 1274 ita
933 1216 971 1275 ut
993 1211 1132 1279 fortasse
1156 1236 1194 1281 ea

57 1311 103 1376 ab
138 1311 366 1394 Epitomatore
409 1312 486 1377 ficta
528 1317 671 1396 putares,
704 1313 767 1377 nisi
788 1313 885 1393 idem,
920 1317 1007 1397 quod
1029 1317 1195 1401 Epitome‚

56 1414 238 1497 Eutropius
275 1435 403 1497 quoque
439 1416 544 1500 (alo)
581 1417 757 1482 memoriae
778 1415 948 1498 proderet:
987 1418 1129 1502 Scythae
1164 1426 1199 1486 et

56 1515 167 1584 Iudi.
191 1570 199 1586 .
221 1539 389 1583 munera
411 1525 444 1582 et
473 1513 611 1602 legatos
629 1520 821 1584 miserunt.“
875 1517 984 1601 Atqui
1016 1521 1199 1605 Eutropius

54 1639 130 1684 cum
153 1620 188 1684 in
210 1624 281 1685 tota
297 1620 443 1704 Augusti
464 1623 532 1686 vita
553 1624 635 1687 mire
658 1643 731 1687 cum
753 1622 907 1689 Suetonio
929 1624 1071 1689 concinit

252 1861 346 1910 Eutrop.
360 1860 398 1914 ἵ,9.
872 1861 932 1904 Suet
945 1861 978 1903 21.
1042 1891 1049 1906 .

100 1945 176 2014 ipsos
205 1962 317 2014 quoque
348 1949 398 2016 (sc.
430 1947 601 2016 Germanos)
692 1946 906 2014 Germanosque
939 1947 1032 2001 ultra
1068 1946 1191 2003 Albim

54 2033 487 2088 ⁴transAlbimflurium
511 2051 603 2086 surn-
655 2031 810 2085 fluvium
848 2033 1056 2098 summovit,
1087 2034 1196 2103 signa

58 2117 482 2184 moriqreddiderunt
518 2119 603 2172 etiarn
657 2117 802 2183 militaria,
849 2134 940 2185 quae
980 2116 1020 2175 M.
1069 2119 1197 2174 Crasso

58 2205 169 2274 signa
188 2204 327 2269 Romana,
352 2220 441 2272 quae
465 2205 603 2260 Crasso
655 2202 756 2257 victo
785 2203 998 2268 ademerant,
1027 2206 1198 2259 reddide-

57 2288 159 2343 victo
178 2288 402 2343 ademerant.
658 2291 748 2343 runt.

61 2402 135 2458 tum
167 2393 229 2458 hoc
262 2393 334 2457 loco
370 2415 445 2457 oum
476 2415 513 2458 eo
536 2394 712 2476 conspirat,
743 2413 817 2456 cum
838 2392 958 2457 verba:
982 2394 1143 2477 „Scythae
1166 2401 1199 2459 et

60 2497 146 2579 Indi,
178 2496 296 2579 quihus
328 2502 426 2560 antea
453 2495 677 2562 Romanorum
705 2514 818 2559 nomen
839 2495 1039 2576 incognitum
1060 2495 1199 2578 iuerat,“

11 2664 16 2672 ,
58 2606 152 2666 certe
183 2599 375 2666 Suetonium
419 2605 575 2680 spectent,
608 2600 665 2681 qui
688 2595 811 2679 „Indos
841 2601 874 2660 et
907 2595 1047 2676 Scythos
1084 2597 1201 2664 auditu

57 2703 158 2768 modo
182 2705 327 2786 cognitos
348 2702 469 2766 fuisse*
491 2701 602 2765 tradit.

150 2804 317 2888 Quomodo
346 2806 464 2871 factum
496 2804 554 2884 sit,
588 2809 626 2867 ut
656 2808 689 2868 et
717 2802 899 2886 Eutropius
932 2807 966 2868 et
995 2802 1202 2885 Epitomator

61 2931 196 2975 munera
217 2909 275 2974 illa
297 2909 470 2990 adderent,
498 2909 546 2972 ita
567 2906 663 2971 facile
685 2906 894 2989 intelligitur,
918 2907 945 2971 si
967 2905 1025 2971 illa
1046 2907 1147 2972 verba
1168 2908 1203 2972 in

61 3015 212 3080 Suetonii
234 3013 317 3077 libro
341 3010 470 3076 adiecta
493 3015 527 3075 et
549 3009 590 3073 ab
612 3015 760 3092 utroque,
783 3014 818 3073 et
836 3008 961 3075 Nostro
985 3015 1019 3073 et
1032 3009 1201 3092 Eutropio,

60 3117 229 3199 exscripta
250 3121 404 3198 putamus
427 3134 505 3180 esse.

151 3218 262 3285 Simile
295 3216 449 3300 quiddam
484 3214 541 3280 sed
569 3214 672 3280 multo
708 3214 808 3279 etiam
836 3213 1034 3279 luculentius
1068 3214 1104 3278 in
1133 3214 1202 3280 vita

64 3321 195 3389 Vitellii
223 3321 374 3386 occurrit.
426 3316 503 3383 Ner
536 3317 621 3382 enim
651 3317 857 3402 imperatoris
890 3318 925 3382 in
955 3316 1112 3400 Epitoma
1141 3316 1205 3382 hoc

61 3426 161 3493 modo
184 3424 390 3491 describitur.

190 3686 194 3693 .
277 3645 335 3695 Epir
349 3644 389 3702 ⁸2³.
873 3637 935 3680 Suet
949 3638 980 3682 lt

65 3730 221 3798 apellatio,
245 3747 300 3797 quo
323 3746 353 3783 ss
377 3726 536 3794 abdiderat,
555 3726 608 3782 Vi·
694 3725 796 3782 Suet.
828 3725 869 3780 16.
897 3724 998 3778 referri
1036 3741 1066 3778 se
1088 3726 1127 3797 in
1153 3743 1204 3795 pa·

64 3815 169 3879 tellina,
198 3815 300 3869 vinctis
326 3832 344 3869 a
369 3818 450 3884 tergo
467 3814 607 3881 manibus,
659 3811 768 3866 latium.
806 3811 903 3867 Oacs.
938 3809 982 3878 8,6
1016 3810 1206 3879 productuse

141 4007 183 4075 ³⁸)
202 4004 286 4074 Quod
304 4005 360 4059 iam
377 4003 463 4058 Anna
481 3999 570 4055 Fabri
595 3998 758 4071 perspexit;
784 3997 848 4054 ride
876 3997 936 4054 aius
955 3997 992 4053 ad
1018 3996 1094 4052 hunc
1111 3998 1208 4054 locum

66 4093 288 4149 adnotationem.
