2684 4500
668 214 707 274 17

107 385 293 451 dissensum
314 383 414 462 tollit,
436 387 474 447 ut
497 387 531 446 et
552 380 718 446 Neronem
741 386 774 445 11
801 378 1018 462 Agrippinam
1050 379 1181 444 sceleris
1201 379 1249 443 in·

106 494 207 569 cuset,
228 487 349 552 iudicio
373 486 469 550 dictis
491 484 712 567 comprobato.
758 483 913 548 Alterum
936 484 1075 566 denique
1092 484 1250 548 iudicium

108 593 145 657 in
167 594 235 657 vita
257 591 454 674 Vespasiani
475 589 624 672 protulit.
671 588 777 670 Quem
800 608 874 652 cum
896 586 1071 652 Suetonius
1093 587 1248 670 pecuniae

108 695 330 760 avidissimum
352 692 453 758 fuisse
476 697 598 773 narret,
622 692 779 774 quosdam
800 696 912 755 tamen
944 695 1077 773 putasse
1110 710 1247 755 comme·

109 802 227 878 morat,
251 817 324 860 eum
346 796 381 860 in
403 798 535 879 rapinas
558 815 628 858 sese
651 795 848 860 convertisse
871 800 1022 858 coactum
1044 793 1165 857 aerarii
1179 794 1247 857 ino·

106 901 165 984 pia
189 904 222 964 et
244 898 331 981 quod
353 900 538 964 universum
560 898 730 980 imperium
753 896 977 979 superioribus
992 895 1086 960 bellis
1099 896 1248 961 civilibus

105 1005 251 1070 deletum
273 1008 372 1085 atque
395 1001 540 1066 dirutum
564 1001 598 1065 in
624 1022 782 1065 summum
797 1001 969 1065 discrimen
983 1005 1135 1064 uocatum
1150 1005 1246 1080 esset,

108 1108 160 1171 ita
181 1111 219 1170 ut
241 1128 358 1188 magua
379 1105 518 1188 pecunia
540 1104 582 1169 ad
605 1105 675 1168 eius
697 1103 831 1168 vulnera
853 1103 1000 1167 sananda
1034 1124 1114 1185 opus
1148 1109 1244 1169 esset.

107 1212 230 1273 Noster
265 1214 376 1273 autem
411 1207 474 1272 hoc
509 1207 558 1271 ita
595 1206 744 1289 explicat,
781 1213 819 1270 ut
869 1207 1008 1270 aliorum
1043 1207 1240 1271 sententiam

107 1309 218 1399 (Caes
243 1318 272 1392 9,
283 1314 316 1396 6)
339 1330 472 1393 pravam
495 1315 529 1373 et
550 1309 694 1392 ineptam
716 1309 859 1391 appellet
884 1315 917 1373 et
938 1310 1034 1392 plane
1049 1309 1246 1375 reiciendam

107 1434 182 1480 esse
204 1423 343 1478 censeat.
470 1448 475 1459 ·

195 1515 260 1598 Qui
281 1515 488 1598 gravissimus
518 1516 614 1580 testis
642 1515 746 1580 multo
768 1516 870 1597 magis
898 1515 991 1580 nobis
1020 1515 1243 1597 persuadebit,

111 1620 288 1702 Epitomen
309 1619 593 1703 perlustrantibus,
622 1640 718 1701 quam
742 1625 929 1700 excerptam
951 1625 1042 1683 recte
1076 1620 1245 1702 appellari,

108 1744 205 1788 nemo
228 1729 287 1804 est,
311 1743 405 1808 quem
427 1721 539 1804 fugere
561 1723 679 1805 possit;
703 1722 822 1804 quippe
843 1720 877 1785 in
900 1743 964 1804 qua
986 1723 1094 1786 omnia
1116 1723 1247 1805 quaein

107 1825 194 1890 libro
218 1824 258 1890 de
281 1823 479 1890 Caesaribus
500 1825 621 1889 iudicia
647 1825 834 1904 invenimus,
870 1825 986 1894 desint.
1030 1826 1148 1908 Neque
1178 1827 1246 1891 iam

104 1929 249 2011 scriptor
281 1928 335 1992 hic
363 1927 432 1991 illic
460 1927 659 2010 significatur
688 1947 793 2008 neque
822 1928 947 2009 primae
975 1949 1135 2011 personae
1167 1951 1246 1994 usus

106 2032 265 2108 occurrit;
281 2030 515 2095 sententiarum
537 2051 611 2094 vero
634 2031 761 2112 copiam
782 2051 847 2094 non
869 2032 1022 2112 reperiere,
1046 2053 1245 2114 quamquam

105 2134 346 2217 Epitomatoris
368 2139 456 2205 ante,
468 2134 580 2198 oculos
602 2134 728 2216 positae
743 2139 854 2215 eraut3
878 2132 956 2215 quid
971 2135 1057 2198 enim
1073 2156 1153 2218 opus
1170 2140 1242 2200 erat

104 2231 186 2302 locis
202 2236 434 2318 communibus,
451 2257 524 2300 cum
540 2237 661 2301 librum
675 2236 854 2300 breviorem
870 2256 939 2300 esse
954 2238 1129 2319 plurimum
1144 2238 1244 2301 inter-

105 2345 208 2423 esset3
230 2340 398 2422 proprium
421 2339 561 2421 denique
588 2338 745 2402 iudicium
777 2338 902 2403 frustra
935 2360 1083 2421 quaeres.
1129 2338 1244 2421 Quid?

106 2439 203 2524 Quod
224 2442 331 2506 tribus
353 2442 420 2507 illis
441 2443 530 2523 locis,
554 2442 672 2523 quibus
694 2441 903 2523 Epitomator
915 2441 956 2506 de
968 2463 1026 2506 suo
1051 2443 1174 2526 aliquid
1186 2443 1242 2509 ad·

102 2544 227 2609 didisse
249 2545 352 2610 videri
375 2550 495 2628 potest,
517 2544 600 2609 nihil
624 2545 652 2608 ei
675 2543 881 2608 tribuendum
905 2565 974 2608 esse
1002 2544 1097 2609 facile
1129 2551 1179 2610 est
1202 2546 1244 2610 ad

103 2648 400 2714 demonstrandum.
450 2647 598 2712 Primum
621 2648 706 2710 enim
727 2648 760 2710 in
782 2648 850 2710 vita
871 2647 1017 2729 Augusti
1032 2668 1115 2728 quae
1130 2648 1241 2730 legun·

102 2757 159 2814 tur
181 2749 283 2836 (Epir.
310 2751 413 2834 1,24):
438 2770 547 2831 „more
568 2749 743 2830 hominum,
767 2749 822 2830 qui
854 2750 888 2812 in
922 2749 1112 2815 ulciscendis
1145 2752 1242 2834 vitiis,

105 2853 226 2935 quibus
247 2853 310 2936 ipsi
331 2853 539 2918 vehementer
560 2852 739 2934 indulgent,
756 2873 845 2916 acres
861 2858 968 2934 sunt“,
991 2874 1056 2917 non
1072 2853 1240 2936 Epitoma·

104 2958 188 3021 toris
212 2977 283 3020 esse
299 2955 406 3020 Dione
422 2957 552 3040 (36,23)
567 2962 600 3019 et
614 2956 724 3020 Plinio
740 2961 801 3038 (ep.
818 2956 909 3039 832)
929 2958 1126 3037 comparatis
1141 2979 1240 3041 appa·

104 3063 168 3128 ret.
213 3056 314 3140 Quod
335 3064 446 3124 autem
467 3062 501 3122 in
522 3059 590 3123 uita
612 3057 780 3141 Caligulae
810 3059 915 3144 (Epit.
940 3063 969 3141 3,
980 3065 1012 3138 6)
1047 3065 1154 3124 extat:
1181 3060 1242 3141 „de

101 3182 168 3246 quo
190 3164 299 3227 nescio
322 3183 365 3227 an
387 3163 535 3226 decuerit
556 3163 731 3227 memoriae
753 3162 858 3244 prodi,
881 3163 944 3226 nisi
959 3163 1043 3226 forte
1062 3165 1138 3245 quia
1152 3164 1241 3228 iuvat

102 3263 144 3328 de
166 3265 366 3347 principibus
388 3285 482 3329 nosse
506 3265 623 3346 omnia,
646 3269 684 3328 ut
707 3265 847 3348 improbi
863 3266 979 3330 saltem
1001 3265 1131 3330 famae
1153 3287 1237 3331 me-

98 3373 146 3432 tu
168 3367 249 3431 talia
271 3367 462 3450 declinent“,
486 3367 529 3431 ad
552 3366 678 3432 Tacitei
700 3368 787 3433 illius
808 3368 872 3433 loci
895 3368 1138 3432 similitudinem
1158 3391 1243 3434 com-

98 3471 244 3585 positum
267 3477 332 3540 est:
358 3470 460 3552 (Anu.
485 3472 664 3553 3,65).„u
641 3477 743 3553 uqtue
760 3472 873 3610 pravis
897 3471 973 3535 dict
951 3477 992 3535 trs
1015 3471 1093 3535 fact
1070 3478 1177 3553 t1sque
1200 3493 1241 3537 ex

98 3578 176 3657 pos
177 3579 279 3638 er1
228 3571 524 3638 tateiniamiae
546 3578 626 3637 met
635 3596 679 3640 us
703 3575 766 3639 111.ι
768 3573 922 3656 ‘Quod
951 3574 1090 3656 denique
1120 3575 1239 3658 Epir-0

99 3680 210 3740 mator
232 3679 276 3760 (1,
284 3676 342 3759 28)
366 3676 450 3740 cives
472 3675 640 3743 Romanos
663 3679 742 3760 Aug
724 3683 796 3741 trust
799 3697 817 3740 o
839 3682 926 3740 mort
927 3698 967 3741 uo
912 3676 1094 3741 tdicent
1080 3683 1130 3742 tes
1145 3677 1233 3742 iacit:

100 3772 249 3859 „utinam
272 3783 329 3842 aut
358 3798 423 3842 non
455 3785 642 3846 nasceretur
668 3787 725 3844 aut
754 3801 820 3845 non
849 3786 1066 3864 moreretur“,
1101 3803 1173 3845 oum
1207 3787 1241 3846 11

98 3880 219 3949 Victor
252 3878 358 3964 (Caes.
393 3885 479 3963 20,6)
511 3889 544 3948 et
571 3884 765 3967 Spartianus
794 3883 898 3969 (18,7)
928 3883 1015 3948 idem
1052 3884 1091 3947 de
1122 3882 1240 3949 Severo

98 3991 229 4048 mortuo
252 3983 379 4050 dictum
402 4005 471 4049 esse
495 3992 757 4067 commemorent,
780 3987 829 4050 ita
850 3993 889 4051 ut
904 3987 1241 4069 Epitomatoremhoc

96 4108 122 4153 a
143 4085 262 4154 Severo
284 4086 327 4152 ad
349 4088 537 4171 Augustum
558 4095 691 4173 putares
726 4091 942 4172 transtulisse,
972 4109 1012 4152 ne
1042 4089 1077 4153 id
1107 4091 1238 4176 quidem
